2846 4682
467 359 510 409 nn
528 357 635 410 nunno
648 355 852 410 rucuurnnro
1148 362 1189 422 57

128 513 263 592 publicae
279 513 379 574 omnia
393 515 528 592 superet:
545 531 616 594 opes
630 511 775 586 factionis,
791 519 890 574 vostra
905 513 1053 593 patientia,
1066 513 1112 575 ius
1123 515 1195 576 nul-·

127 597 199 671 lum,
211 617 245 660 ac
256 617 395 660 maxume
407 600 485 678 quod
495 599 680 660 innocentiae
691 598 757 678 plus
768 598 890 678 periculi
901 617 991 678 quam
1001 599 1123 660 honoris
1135 607 1189 662 est.

128 701 196 745 nam
210 684 260 745 illa
273 683 394 763 quidem
409 684 488 764 piget
502 683 607 750 dicere,
623 683 669 744 his
686 683 771 744 annis
783 683 951 762 quindecim
963 701 1051 764 quam
1063 685 1189 747 ludibrio
1212 693 1230 744 b

127 769 242 830 fueritis
259 768 412 848 superbiae
428 787 605 848 paucorum,
627 787 717 848 quam
731 768 816 828 lcede
832 787 979 849 quamque
994 770 1079 831 inulti
1092 772 1195 850 peris-5

91 865 107 914 5
128 853 187 914 rint
200 853 294 915 vostri
309 854 489 926 defensores,
505 861 539 914 ut
552 853 635 915 vobis
651 853 766 914 animus
781 853 944 933 abignavia
955 861 1044 934 atque
1056 857 1190 930 socordia

129 945 292 1018 corruptus
312 939 364 1011 sit,
387 939 437 1017 qui
456 956 494 998 ne
514 956 594 1000 nunc
614 937 733 1018 quidem
754 938 888 1000 obnoxiis
907 939 1034 1000 inimicis
1049 942 1188 1020 exurgitis
1210 953 1225 1002 3

127 1031 216 1104 atque
236 1024 327 1084 etiam
346 1041 426 1084 nunc
447 1024 559 1084 timetis
578 1042 643 1095 eos,
666 1023 773 1102 quibus
798 1024 882 1085 deest
903 1025 1009 1086 terrori
1028 1043 1102 1087 esse.
1137 1027 1189 1086 sed
1210 1035 1226 1084 4

128 1127 309 1188 quamquam
323 1109 396 1170 haec
410 1109 478 1170 talia
492 1115 572 1182 sunt,
588 1115 689 1169 tamen
704 1107 820 1170 obviarn
835 1109 877 1169 ire
892 1109 1029 1171 factionis
1040 1111 1188 1189 potentiae

127 1193 243 1254 animus
263 1193 379 1272 subigit.
411 1201 490 1254 certe
504 1213 557 1272 ego
572 1193 754 1266 libertatem,
777 1213 851 1272 quae
866 1194 939 1254 mibi
954 1214 971 1255 a
985 1204 1105 1274 parente
1121 1215 1188 1256 meo
1210 1205 1225 1253 5

78 1285 110 1336 1⁰
126 1278 234 1338 tradita
248 1286 304 1348 cst,
321 1277 463 1358 experiar.
487 1297 590 1339 verum
605 1277 634 1339 id
648 1277 758 1339 frustra
773 1297 810 1339 an
826 1279 864 1340 cb
879 1297 944 1340 rem
958 1279 1073 1352 faciam,
1090 1281 1121 1340 in
1135 1299 1187 1340 vo-

77 1707 108 1758 15
125 1702 242 1780 plebem
257 1703 422 1764 Romanam
443 1702 629 1782 quaestiones
648 1702 764 1764 habitae
784 1711 863 1764 sunt.
892 1711 961 1783 post
976 1704 1006 1764 C.
1023 1705 1142 1767 Cracchi
1157 1712 1188 1765 et

125 1785 163 1846 Μ.
183 1787 267 1848 Fulvi
287 1788 407 1849 caedem
422 1788 494 1848 item
520 1787 611 1848 vostri
630 1787 742 1848 ordinis
762 1789 848 1849 mrdti
865 1789 1005 1850 mortales
1022 1789 1054 1849 in
1071 1807 1187 1851 earcere
1236 1815 1239 1820 ·

124 1872 221 1932 necati
235 1880 313 1933 suut.
343 1873 497 1952 utriusque
512 1871 601 1934 cladis
615 1889 677 1932 non
691 1873 738 1932 lex
752 1891 855 1934 verum
869 1873 969 1934 lubido
982 1891 1085 1935 eorum
1097 1875 1187 1936 finem

123 1957 203 2018 iecit.
234 1959 286 2018 sed
304 1975 374 2018 sane
396 1958 486 2018 fuerit
504 1957 586 2036 regni
605 1957 718 2036 paratio
737 1956 815 2036 plebi
835 1977 888 2018 sua
902 1959 1067 2020 restituere.
1099 1959 1185 2038 quid·
1207 1969 1222 2020 8

125 2042 197 2120 quid
211 2042 274 2103 sine
290 2043 430 2122 sanguine
445 2041 552 2104 civium
567 2041 668 2102 ulcisci
681 2042 834 2121 nequitur,
851 2043 913 2104 iure
927 2045 1040 2104 iactum
1055 2044 1102 2104 sit.
1133 2063 1184 2104 su·
1205 2051 1221 2100 9

73 2132 105 2182 20
124 2127 289 2205 perioribus
309 2128 393 2188 annis
408 2127 488 2188 taciti
502 2125 729 2206 indignabamini
743 2127 888 2188 aerarium
903 2129 1036 2208 expilari,
1058 2147 1141 2209 reges
1157 2136 1187 2189 et

123 2211 252 2292 populos
266 2211 373 2272 liberos
389 2213 489 2290 paucis
504 2211 651 2273 nobilibus
669 2212 789 2291 vectigal
802 2213 944 2292 pendere,
961 2232 1051 2293 penes
1065 2214 1186 2275 eosdem

124 2301 155 2356 ct
169 2298 320 2356 summam
334 2297 455 2376 gloriam
471 2305 501 2356 et
515 2315 669 2358 maxumas
684 2295 798 2358 divitias
813 2317 886 2359 esse.
916 2305 1018 2359 tamen
1031 2299 1104 2360 haec
1118 2299 1200 2360 talia¹

123 2379 253 2442 facinora
272 2381 382 2460 inpune
401 2382 565 2462 suscepisse
585 2399 691 2460 parum
711 2381 840 2443 habuere
860 2383 960 2462 itaque
975 2391 1128 2464 postremo
1142 2385 1201 2445 le·.

125 2483 188 2544 ges,
210 2464 348 2526 maiestas
368 2474 480 2539 vostra,
501 2467 596 2528 divina
616 2473 647 2527 et
666 2467 797 2528 bumana
815 2468 915 2528 omnia
930 2469 1065 2530 hostibus
1080 2469 1185 2530 tradita

74 2557 105 2607 25
126 2557 205 2611 sunt.
235 2567 333 2630 neque
347 2571 408 2624 coe,
425 2551 475 2630 qui
489 2570 523 2612 ea
537 2553 643 2617 fecere,
658 2553 749 2630 pudet
764 2559 814 2612 aut
829 2552 969 2630 poenitet,
981 2554 1033 2613 sed
1045 2554 1185 2614 incedunt
1207 2565 1238 2614 10

124 2653 244 2714 perora
264 2641 362 2696 vostra
381 2636 550 2716 magnufici,
566 2636 728 2696 sacerdotia
743 2641 773 2696 et
788 2636 972 2710 consulatue,
995 2655 1063 2716 pars
1077 2638 1184 2698 trium-

124 2721 201 2798 phos
216 2739 286 2782 suos
302 2727 498 2782 ostentantes:
514 2721 638 2800 proinde
653 2721 736 2800 quasi
751 2740 784 2781 ea
799 2721 905 2781 honori
916 2739 978 2782 non
991 2722 1116 2802 praedae
1131 2723 1185 2784 ha·

124 2805 223 2866 beant.
259 2805 335 2866 servi
358 2823 424 2866 aere
449 2807 542 2886 parati
568 2806 676 2866 iniusta
694 2805 816 2884 imperia
836 2805 1025 2866 dominorum
1040 2823 1102 2867 non
1116 2825 1184 2886 per·
1207 2821 1236 2872 11
1332 2793 1336 2797 ’

124 2890 234 2962 lerunt,
250 2909 311 2962 vos,
328 2889 471 2970 Quirites,
491 2891 523 2950 in
543 2891 667 2970 imperio
688 2890 763 2962 nati,
788 2909 882 2969 aequo
898 2891 996 2951 animo
1011 2891 1183 2953 servitutem

73 2979 105 3030 30
125 2969 282 3036 toleratis?
301 2981 331 3036 at
346 2975 480 3053 quisunt
495 2976 536 3048 ei,
554 2976 603 3055 qui
618 2993 682 3035 rem
697 2975 844 3054 publicam
860 2973 1062 3056 occupavere?
1086 2977 1185 3038 bomi—
1208 2988 1239 3041 12

124 3075 177 3120 nes
191 3059 433 3132 sceleratissumi,
449 3060 578 3121 cruentis
594 3060 740 3133 manibus,
755 3060 877 3122 immani
892 3061 1018 3134 avaritia,
1035 3063 1185 3124 nocentis·

125 3145 203 3206 sumi
223 3151 253 3204 et
273 3144 369 3206 eidem
394 3145 622 3224 superbissumi,
651 3145 757 3224 quibus
782 3147 854 3206 fides
880 3146 969 3208 decus
994 3147 1101 3226 pietaS,
1128 3167 1184 3226 po-

124 3236 237 3290 stremo
252 3229 376 3290 honesta
396 3236 485 3308 atque
506 3231 660 3290 inhonesta
676 3230 775 3291 omnia
791 3228 926 3310 quaestui
940 3238 1019 3292 sunt.
1050 3250 1118 3311 pars
1133 3251 1184 3292 eo·
1207 3245 1238 3296 13

124 3331 191 3374 rum
208 3313 348 3376 occidisse
367 3314 502 3376 tribunos
523 3314 616 3394 plebis
636 3314 684 3376 alii
704 3316 891 3396 quaestiones
910 3317 1031 3376 iniustas
1054 3315 1186 3395 plerique

193 3478 209 3527 3
227 3479 367 3544 quindecim
379 3481 438 3540 (XV
447 3483 477 3548 P,
489 3481 545 3546 ΧΠ
554 3498 573 3548 p
586 3485 613 3532 ic
621 3483 718 3548 marg.)
728 3481 807 3546 PCV,
820 3481 909 3546 uiginti
923 3481 944 3533 C
971 3485 1058 3532 caeter·
1069 3482 1186 3549 coagulos

123 3547 149 3595 in
161 3546 254 3625 quidue
265 3546 292 3597 X
303 3548 343 3598 val
352 3547 399 3598 Xll
412 3547 422 3617 11
434 3551 451 3600 4
468 3549 544 3600 inulti
555 3549 606 3614 PC,
618 3551 691 3630 multi
703 3551 728 3616 C,
741 3549 847 3601 inuitiV
858 3547 867 3617 ΙΙ
881 3552 895 3600 5
906 3550 932 3600 dr
951 3565 1054 3600 ensores
1067 3551 1101 3630 P,
1117 3565 1185 3630 corr.

121 3609 201 3745 lli,
210 3630 260 3731 tt
269 3629 414 3734 illidi
423 3615 563 3751 bialluel
575 3619 703 3752 ,tltttt
712 3616 1131 3754 llsstdlillllllldllll'i
1145 3634 1187 3738 ll?

123 3753 175 3799 tum
192 3756 256 3815 estq.
275 3765 354 3816 neque
373 3752 402 3804 V
411 3749 416 3820 Ι
436 3753 467 3803 12
486 3754 569 3804 uestri
585 3753 668 3817 PVO,
685 3755 767 3804 nostri
787 3754 808 3804 C
818 3752 827 3822 ll
842 3755 873 3804 14
892 3761 963 3804 ceant
980 3751 1025 3820 ΡΙΙ
1037 3755 1144 3819 graccho
1158 3771 1185 3822 p,

124 3831 199 3880 greco
211 3817 237 3868 P
247 3815 257 3882 ΙΙ
269 3817 302 3867 20
320 3819 508 3884 indignabimini
519 3823 543 3872 P
554 3819 564 3889 ΙΙ
578 3822 609 3872 27
622 3822 728 3887 proinde
740 3821 819 3886 PVC,
831 3822 935 3888 perinde
942 3821 986 3890 pe
995 3819 1005 3890 ΙΙ
1017 3823 1126 3874 honores
1137 3839 1184 3872 non

124 3885 229 3950 praedas
242 3885 272 3938 V
281 3889 346 3936 etin
358 3903 443 3955 murgr⁸
454 3905 473 3956 p
492 3891 615 3951 (obscuro
626 3893 747 3956 nrargiae
762 3906 829 3940 nunc
840 3891 938 3941 relicua
950 3895 1011 3940 suut
1024 3928 1048 3940 ..
1065 3907 1107 3940 res
1121 3925 1127 3940 .
1141 3888 1166 3954 p)
1178 3887 1186 3955 Η

124 3951 155 4002 28
172 3953 243 4003 serui
255 3972 285 4002 s*
298 3957 410 4020 reparati
428 3959 466 4018 (ae
482 3959 529 4021 cr.)
547 3954 591 4024 Pp
605 3958 637 4008 29
656 3958 761 4024 quirites
777 3974 826 4008 om.
841 3959 869 4010 V
878 3955 887 4025 ll
901 3959 934 4008 ³0
951 3959 1073 4024 publicam
1089 3972 1138 4006 om·
1155 3957 1185 4020 P,

124 4034 146 4084 p.
158 4019 246 4088 addp
259 4018 313 4101 1131
334 4023 484 4075 scelerastis
501 4025 558 4075 simi
573 4027 603 4091 P,
621 4039 687 4079 corr.
701 4041 720 4093 p
734 4023 743 4094 ll
757 4027 789 4076 32
807 4033 834 4076 et
849 4027 914 4076 idem
926 4025 1009 4088 PVC,
1022 4025 1136 4090 idemque
1151 4022 1187 4091 Gt}

126 4085 156 4136 33
174 4096 274 4154 questui
285 4106 322 4140 erc
333 4105 396 4158 quae
406 4092 446 4142 tui
458 4094 482 4143 P

126 1369 188 1423 stra
202 1381 294 1424 manu
308 1363 398 1424 situm
414 1370 468 1435 est,
485 1363 623 1435 Quirites.
646 1381 743 1442 neque
755 1381 809 1442 ego
821 1383 872 1425 vos
883 1365 997 1436 hortor,
1011 1365 1089 1443 quod
1101 1384 1188 1445 saepe
1208 1371 1224 1422 6
1327 1319 1330 1357 ι

126 1447 253 1508 maiores
271 1448 367 1508 nostri
381 1448 491 1520 fecere,
513 1447 558 1508 uti
577 1453 679 1509 contra
698 1447 818 1508 iniurias
837 1449 943 1510 armati
961 1449 1047 1510 eatis:
1064 1451 1136 1510 nibil
1149 1451 1187 1522 vi,
1232 1405 1244 1495 l
1274 1527 1280 1535 ι
1315 1454 1324 1556 ‘1

125 1532 198 1592 nibil
212 1533 375 1594 secessione
390 1551 465 1612 opus
477 1539 531 1593 est.
554 1549 673 1593 necesse
688 1540 733 1592 est
746 1541 865 1594 suomet
879 1534 937 1612 ipsi
951 1552 1034 1595 more
1045 1535 1188 1616 praecipi·¹
1320 1557 1325 1582 ι

125 1623 172 1678 tes
193 1625 271 1678 eant.
302 1619 398 1679 occiso
414 1618 458 1679 Ti.
475 1617 619 1689 Graccho,
636 1636 725 1696 quem
747 1635 872 1698 regnum
893 1637 995 1698 parare
1010 1620 1139 1692 aiebant,
1156 1621 1187 1681 in
1208 1630 1222 1678 r
1276 1601 1310 1698 l]
