2846 4682
231 362 270 424 16
340 393 341 396 “
603 357 629 408 C.
643 357 801 412 sanndsrl
819 357 922 410 cnlsnl

227 518 322 578 lacere
337 519 367 576 et
387 521 517 576 extrema
540 513 639 575 omnia
658 514 796 594 experiri,
818 515 958 595 quoniam
974 533 1048 594 quae
1062 515 1175 578 occulte
1191 524 1289 598 temp-

173 607 214 668 tt
231 609 342 664 taverat
364 617 465 680 aspera
487 599 631 680 foedaque
651 606 816 662 evenerant.
847 600 935 680 igitur
950 601 980 662 C.
995 600 1135 662 lllanlium
1149 601 1287 666 Faesulas

229 695 317 766 atque
337 687 447 748 ineam
467 692 581 764 partem
596 686 739 757 Etruriae,
758 686 934 764 Septimium
954 687 1101 766 quendam
1118 687 1286 770 (umerum

227 773 258 832 in
269 789 371 851 agrum
383 771 533 836 Picenum,
546 770 577 831 C.
589 770 695 832 lulium
707 771 738 830 in
748 770 883 850 Apuliam
894 771 1021 844 dimisit3
1036 779 1186 851 praeterea
1198 773 1288 836 alium

191 873 207 922 2
228 857 293 930 alio,
309 861 397 936 quem
409 856 517 935 ubique
529 865 729 935 opportunum
741 855 795 916 sibi
807 857 870 917 iore
883 855 1027 918 credebat.
1054 857 1166 919 interea
1176 858 1287 920 Romae
1311 873 1325 920 5

228 942 321 1004 multa
335 941 424 1002 simul
439 941 550 1014 moliri,
566 939 734 1003 considibus
748 941 866 1002 insidias
880 943 1016 1013 tendere,
1030 960 1131 1021 parare
1146 943 1288 1017 incendia,

229 1035 394 1108 opportuna
414 1027 476 1088 loca
496 1027 614 1088 armatis
630 1025 797 1088 hominibus
813 1025 960 1098 obsidere,
982 1027 1044 1106 ipse
1059 1045 1127 1088 cum
1141 1028 1201 1090 telo
1214 1049 1288 1101 esse,

229 1114 300 1174 item
313 1113 383 1174 alios
401 1111 510 1184 iubere,
527 1111 638 1174 hortari
649 1111 694 1172 uti
704 1130 822 1190 semper
831 1111 936 1172 intenti
947 1112 1098 1191 paratique
1108 1120 1215 1187 essent,
1228 1115 1289 1176 dies

229 1199 382 1276 noctisque
405 1197 543 1258 festinare
565 1196 688 1275 vigilare,
714 1215 810 1275 neque
835 1197 987 1258 insomniis
1000 1215 1096 1277 neque
1109 1198 1206 1260 labore
1221 1199 1290 1261 iati-

193 1283 299 1363 tgari.
332 1289 484 1362 postremo
509 1281 676 1342 ubimulta
699 1281 819 1360 agitanti
845 1281 918 1342 nibil
944 1283 1088 1361 procedit,
1115 1302 1218 1345 nnsus
1242 1285 1289 1345 in-
1313 1301 1343 1351 lo

230 1376 374 1448 tempesta
409 1375 495 1429 nocte
525 1367 733 1428 coniurationis
754 1367 901 1446 principes
921 1375 1062 1439 convocat
1082 1387 1136 1447 per
1153 1367 1192 1430 ll.
1212 1369 1287 1430 Por-

194 1458 210 1508 4
231 1454 310 1516 cium
324 1444 462 1524 Laecam,
485 1452 583 1532 ibique
605 1451 696 1514 multa
712 1453 748 1513 de
764 1452 876 1530 ignavia
892 1470 996 1514 eorum
1011 1461 1142 1532 questus,
1159 1454 1288 1516 docetse

230 1538 369 1600 Manlium
387 1538 571 1618 praemisisse
589 1538 705 1600 adeam
722 1537 955 1610 multitudinem,
978 1557 1067 1618 quam
1087 1539 1122 1599 ad
1148 1539 1290 1620 capiunda

229 1642 310 1686 arma
324 1632 483 1702 paraverat,
498 1623 570 1684 item
586 1623 657 1684 alios
668 1624 699 1684 in
709 1622 764 1684 alia
774 1623 836 1684 loca
848 1629 1023 1702 opportuna,
1036 1624 1085 1702 qui
1096 1624 1211 1686 initium
1223 1624 1292 1686 bebi

228 1710 367 1780 facerent,
380 1727 470 1788 seque
481 1709 517 1768 ad
528 1709 690 1770 exercitum
700 1708 843 1788 proficisci
858 1724 973 1788 cupere,
990 1709 1015 1769 si
1026 1709 1107 1788 prius
1119 1709 1289 1771 Ciceronem
1314 1725 1343 1774 15

169 1797 210 1859 28
230 1795 436 1875 oppressissem
453 1812 522 1855 eum
539 1793 599 1856 suis
616 1794 742 1855 consiliis
758 1793 886 1854 multum
906 1794 1031 1884 officeqe.
1068 1794 1157 1874 igitur
1175 1803 1290 1874 perter-

229 1881 292 1942 ritis
313 1900 347 1941 ac
366 1878 567 1942 dubitantibus
587 1879 690 1942 ceteris
711 1881 741 1942 C.
763 1879 913 1940 Cornelius
936 1897 1026 1959 eques
1046 1879 1196 1942 Romanus
1220 1899 1291 1960 ope-

229 1985 293 2028 ram
314 1983 399 2027 suam
418 1965 564 2044 pollicitus
589 1973 705 2027 etcum
726 1984 762 2025 eo
777 1964 809 2024 L.
826 1965 1017 2044 Vargunteius
1038 1971 1156 2026 senator
1181 1966 1292 2027 consti-

231 2059 315 2114 tuere
330 2071 362 2112 ea
374 2058 460 2112 nocte
471 2052 557 2131 paulo
569 2058 637 2130 post
648 2069 714 2110 oum
727 2048 847 2110 armatis
858 2049 1028 2112 hominibus
1036 2051 1125 2132 sicuti
1135 2051 1292 2112 salutatum

230 2137 351 2198 introire
367 2135 403 2198 ad
418 2136 588 2196 Ciceronem
604 2135 687 2196 aede
702 2135 850 2214 inproviso
866 2135 946 2196 domi
960 2155 1030 2198 suae
1041 2137 1207 2214 inparatum
1219 2155 1291 2200 con-
1312 2145 1346 2196 20

192 2234 207 2284 2
228 2223 339 2282 fodere.
371 2221 475 2282 Curius
490 2221 540 2280 ubi
555 2219 711 2298 intellegit,
723 2228 864 2298 quamam
880 2220 1042 2300 periculum
1058 2221 1171 2282 consuli
1186 2222 1291 2301 inpen-

229 2307 296 2368 deat
310 2323 434 2385 propere
451 2323 503 2384 per
513 2304 645 2366 Fulviam
657 2305 789 2366 Ciceroni
805 2305 905 2367 dolum
918 2307 969 2386 qui
979 2307 1136 2386 parabatur
1147 2307 1289 2368 enuntiat.

193 2400 209 2450 3
230 2392 269 2453 ita
284 2391 324 2452 illi
339 2391 425 2452 ianua
439 2389 579 2470 prohibiti
589 2397 706 2452 tantum
720 2391 832 2453 facinus
847 2392 956 2453 frustra
971 2398 1169 2472 susceperant.

192 2485 209 2534 4
313 2477 432 2538 Interea
441 2476 565 2538 Manlius
579 2475 610 2536 in
624 2473 740 2536 Etmria
755 2476 871 2556 plebem
882 2476 1047 2550 sollicitare,
1060 2485 1188 2556 egestate
1199 2475 1288 2536 simul

186 2630 190 2636 -
226 2581 262 2624 ac
272 2562 382 2638 „dolare
397 2561 519 2622 iniuriae
533 2577 676 2622 novarum
691 2581 790 2624 rerum
806 2561 958 2641 cupidam,
983 2564 1060 2643 quod
1078 2562 1175 2623 Sullae
1191 2561 1287 2622 domi·
1310 2571 1343 2622 25

230 2648 347 2710 natione
364 2665 447 2727 agros
462 2647 596 2726 bonaque
613 2647 710 2708 omnia
727 2647 871 2720 amiserat,
887 2656 1039 2726 praeterea
1052 2647 1181 2709 latrones
1194 2647 1291 2708 cuius-

231 2753 288 2814 que
303 2734 426 2813 generis‚
442 2749 569 2812 quorum
584 2731 614 2791 in
629 2751 663 2794 ea
677 2733 796 2812 regione
811 2750 916 2813 magna
933 2735 1016 2813 copia
1030 2741 1103 2804 erat,
1119 2751 1180 2794 non
1195 2731 1291 2792 nullos

229 2839 265 2881 ex
281 2819 406 2880 Sullanis
426 2817 558 2888 coloniis,
575 2817 682 2896 quibus
696 2818 794 2879 lubido
810 2826 896 2898 atque
912 2819 1025 2879 luxuria
1039 2837 1075 2878 ex
1087 2817 1200 2895 magnis
1211 2815 1290 2894 rapi-

170 2910 213 2972 ab
231 2903 277 2964 nis
292 2903 367 2964 nihil
382 2903 486 2981 reliqui
505 2903 623 2963 fecerat.
654 2921 688 2964 ea
705 2921 773 2964 eum
791 2903 923 2964 Ciceroni
938 2903 1152 2972 nuntiarentur,
1171 2899 1290 2977 ancipiti

231 2988 311 3050 malo
326 2995 488 3068 permotus,
510 2987 588 3066 quod
608 3005 703 3065 neque
722 2987 827 3047 urbem
847 2987 883 3047 ab
905 2987 1015 3046 insidiis
1035 2985 1147 3063 privato
1168 2982 1290 3044 consilio
1312 2992 1349 3042 30

232 3073 345 3152 longius
365 3072 442 3133 tueri
464 3079 594 3151 poterat,
620 3089 716 3151 neque
739 3070 884 3132 exercitus
905 3069 992 3130 Manli
1013 3078 1141 3149 quantus
1160 3076 1210 3128 aut
1230 3086 1290 3147 quo

232 3159 352 3220 consilio
366 3159 444 3218 foret
458 3158 528 3218 satis
549 3163 723 3236 conpertum
742 3156 882 3228 habebat,
903 3174 966 3215 rem
989 3155 1025 3215 ad
1041 3162 1177 3215 senatum
1190 3153 1291 3224 refert,

195 3261 211 3312 2
232 3245 290 3306 iarn
310 3250 394 3305 antea
409 3242 485 3322 volgi
501 3242 668 3303 rumoribus
688 3241 871 3320 exagitatam.
900 3241 999 3319 itaque
1020 3239 1099 3319 quod
1118 3239 1292 3318 plerumque

232 3330 261 3390 in
282 3329 374 3391 atroci
388 3328 505 3408 negotio
521 3327 610 3401 solet,
636 3333 755 3388 senatus
770 3327 913 3399 decrevit,
931 3325 1033 3386 darent
1048 3343 1166 3404 operam
1183 3341 1291 3385 consu-

79 3445 83 3452 *
196 3431 211 3480 a
232 3416 274 3476 les
289 3413 398 3494 nequid
413 3433 461 3474 res
482 3411 596 3492 publica
611 3412 779 3474 detrimenti
796 3419 921 3492 caperet.
951 3429 986 3471 ea
996 3417 1126 3489 potestas
1138 3428 1191 3490 per
1205 3425 1291 3469 sena·
1311 3415 1347 3465 35
1412 3453 1413 3504 l

232 3508 296 3562 tum
316 3518 397 3560 more
409 3499 544 3560 Romano
564 3498 747 3578 magistratui
761 3515 899 3560 maxuma
913 3495 1110 3575 permittitur,
1132 3493 1291 3554 exercitum

232 3603 349 3664 parare,
369 3583 477 3644 bellum
493 3602 602 3663 gerere,
623 3602 756 3646 coercere
773 3582 910 3645 omnibus
925 3580 1021 3642 modis
1036 3580 1233 3662 sociosatque
1249 3577 1291 3638 ci-

302 3836 317 3886 6
335 3837 410 3888 simul
424 3837 449 3901 0,
463 3837 512 3887 sibi
523 3839 553 3900 P,
565 3837 708 3888 simultates
723 3835 895 3887 Cdetartorcs
907 3831 918 3901 ll
930 3833 1076 3886 consulibus
1088 3832 1138 3896 PC,
1151 3833 1251 3882 consuli
1264 3831 1290 3893 C,

234 3904 282 3955 del.
293 3903 398 3955 Dietscla
411 3903 421 3974 fl
434 3905 449 3955 8
461 3904 591 3972 paratique
599 3905 649 3968 PC,
662 3919 708 3970 que
720 3919 769 3954 ona.
781 3901 821 3969 Cn
837 3905 863 3953 ll
880 3903 932 3968 per]
944 3917 1020 3968 penes
1033 3901 1179 3952 Palmarim
1191 3901 1200 3966 l
1214 3902 1293 3950 leeam

235 3975 258 4026 P
270 3971 280 4039 ll
293 3973 325 4022 20
338 3973 470 4038 inprouisa
482 3975 513 4034 P,
525 3971 655 4037 inprouiso
665 3989 684 4040 p
702 3971 711 4040 ll
724 3972 803 4022 domis
816 3971 881 4037 (fuit
892 3973 975 4034 domu)
989 3973 1012 4022 P
1024 3969 1033 4036 l
1047 3971 1076 4020 21
1092 3969 1231 4034 periculum
1243 3967 1292 4030 PC,

251 4041 342 4092 erieuli
357 4042 396 4108 Ol}
411 4043 440 4091 ‘li
455 4041 587 4090 nonnullos
600 4041 717 4090 exillonis
733 4057 762 4107 p,
778 4040 911 4090 nonnullas
928 4038 981 4102 (vel
991 4067 1008 4074 —
1020 4039 1056 4098 is)
1069 4037 1191 4087 exulanas
1203 4038 1227 4086 P
1238 4035 1247 4102 ss
1260 4035 1294 4084 29

234 4057 375 4177 Fecerantp
389 4109 398 4176 ΙΙ
412 4109 441 4158 31
456 4107 545 4159 manili
556 4107 575 4157 P
588 4106 598 4176 l
611 4115 717 4174 quantus
728 4125 754 4176 p,
767 4115 859 4175 quanto
873 4109 896 4158 P
907 4106 916 4174 ll
930 4107 962 4158 33
972 4106 1126 4170 exagitatum
1141 4105 1244 4154 Curtius
