2846 4682
530 383 531 386 *
574 343 762 396 PRAEFATIO
1178 367 1196 408 v

17 511 19 532 ¹
131 499 220 561 hibui
241 498 342 560 vocavi
365 496 540 578 ‘optimum’
555 499 815 590 interpolatorum,
835 505 865 560 et
879 497 1051 560 Vaticanum
1065 516 1095 559 n.
1112 497 1195 561 3325

133 602 279 681 scriptum
295 619 318 662 s.
335 599 385 674 XI,
401 601 452 680 qtri
466 601 537 662 olim
550 600 607 664 luit
621 601 793 662 monasterii
807 601 836 661 S.
853 600 932 662 Petri
946 601 977 661 in
992 607 1094 662 monte
1108 601 1197 664 Blan-

134 703 226 764 dinio.
257 710 287 763 et
308 702 341 763 in
359 702 417 764 boc
430 703 550 783 quidem
560 703 648 775 libro,
664 702 743 763 utin
757 702 819 763 aliis
834 701 1010 782 quibusdam
1025 702 1137 782 primae
1151 704 1196 766 sa-

135 805 249 877 miliae‚
281 804 391 866 omissa
415 823 483 884 pars
509 805 557 866 illa
582 803 739 884 Iugurthae
764 804 795 864 in
816 803 874 864 fine
899 805 1010 866 adiecta
1037 811 1081 866 cst
1105 823 1196 868 manu

134 905 241 987 prima.
271 905 495 985 discrepantiam
509 905 671 986 scripturae
685 906 852 967 universam
867 907 1026 987 excriptam
1042 907 1133 969 debeo
1143 927 1198 970 vo-

135 1007 243 1068 luntati
257 1009 382 1086 Augusti
393 1006 587 1070 Wilmannsii.
616 1008 668 1070 sed
684 1025 699 1068 a
714 1007 867 1069 communi
881 1009 1005 1070 duarum
1020 1008 1196 1071 familiarum

137 1109 296 1189 archetypo
318 1117 381 1170 toto
401 1111 480 1172 caelo
503 1110 610 1170 distare
628 1109 708 1171 visus
727 1117 772 1170 est
791 1110 884 1171 codex
898 1109 954 1182 ille,
972 1129 987 1170 e
1003 1130 1062 1190 quo
1079 1113 1195 1174 saeculo

138 1211 253 1273 decimo
267 1228 385 1272 nonore
400 1212 538 1274 Vaticana
553 1211 723 1274 orationum
738 1219 768 1272 et
783 1197 983 1291 epistularum‘
989 1213 1099 1292 sylloge
1113 1219 1196 1274 tran-

137 1312 245 1392 scripta
260 1321 315 1375 est.
342 1314 494 1393 quaelicet
506 1313 913 1378 communislerebominum
925 1313 1083 1376 doctorum
1095 1315 1194 1394 opinio

140 1414 188 1488 sit,
209 1434 257 1475 me
272 1432 395 1494 prorsus
410 1415 493 1476 abtcr
507 1415 635 1476 iudicare
650 1415 801 1477 confiteor.
832 1415 965 1477 conlecta
979 1423 1025 1477 est
1040 1416 1120 1477 enim
1135 1415 1197 1496 syl*

138 1515 204 1594 loga
224 1515 272 1577 illa
289 1516 327 1578 ab
350 1516 472 1578 bomine
485 1517 678 1596 grammatico
694 1517 808 1596 vigente
824 1512 979 1580 etiamtum
996 1518 1121 1598 imperio
1133 1518 1194 1580 Ro-

136 1633 235 1692 mano,
252 1618 303 1697 qui
316 1619 408 1679 homo
424 1637 605 1698 quamquam
619 1617 693 1680 libro
709 1625 754 1679 sat
764 1619 844 1679 bono
856 1638 928 1682 usus
940 1626 993 1693 est,
1005 1619 1085 1680 idem
1095 1625 1196 1682 tamen

136 1735 228 1779 manu
241 1719 344 1781 audaci
357 1737 419 1780 non
433 1721 531 1782 solum
546 1720 705 1782 verborum
721 1719 855 1781 ordinem
869 1720 1049 1794 immutavit,
1069 1721 1100 1782 id
1115 1722 1194 1801 quod

137 1820 224 1882 etiam
242 1821 388 1884 Linlrerus
413 1822 577 1902 perspexit,
601 1839 705 1883 verum
726 1822 814 1883 etiam
834 1823 871 1883 ad
890 1821 1049 1901 elegantiae
1069 1821 1194 1902 purique

138 1912 286 1984 sermonis
301 1925 419 2004 qualem
433 1925 489 1986 sibi
503 1923 672 1985 informavit
685 1940 823 1984 normam
837 1924 931 1985 multa
945 1925 1084 1996 correxit,
1101 1925 1193 1986 immo

138 2025 278 2104 corrupit.
309 2044 400 2106 quare
413 2025 472 2088 hoc
485 2025 623 2090 Vaticano
639 2026 738 2087 codice
753 2025 794 2086 ita
807 2044 880 2088 usus
895 2044 972 2098 sum,
988 2011 1022 2087 ut
1037 2045 1111 2105 quae
1126 2045 1194 2088 cum

137 2127 270 2188 Parisino
291 2128 460 2192 communia
480 2127 585 2190 haheat
605 2145 639 2188 ea
657 2145 747 2206 quam
768 2128 899 2189 maxime
909 2128 1035 2207 genuina
1049 2128 1195 2202 ducerem,
1220 2145 1226 2160 ⁸

138 2247 214 2308 quae
232 2229 313 2290 solus
332 2237 435 2291 contra
454 2237 621 2291 ceterorum
641 2247 818 2302 consensum
833 2229 971 2309 praebeat
986 2249 1019 2292 ea
1034 2238 1084 2292 aut
1098 2231 1195 2292 abice-

136 2347 202 2391 rem
222 2339 272 2392 aut
292 2331 460 2394 dubitanter
477 2331 643 2412 probarem.
674 2349 748 2410 quae
769 2350 837 2394 cum
851 2331 891 2392 ita
905 2331 977 2404 sint,
999 2332 1094 2404 donec
1108 2351 1195 2395 accu-

138 2432 230 2494 ratius
249 2433 338 2512 primi
358 2435 472 2513 generis
491 2433 557 2494 libri
577 2433 720 2513 explorati
737 2432 861 2506 fuerint,
883 2433 1024 2495 idoneum
1039 2435 1135 2496 visum
1150 2444 1195 2496 est

137 2534 268 2612 integrae
282 2535 406 2596 Parisini
420 2535 485 2596 libri
499 2535 708 2616 discrepantiae
723 2535 878 2614 (integram
890 2535 954 2596 dico
966 2542 1081 2614 praeter
1092 2535 1195 2596 ortho-

136 2633 305 2715 graphiam,
327 2637 466 2698 vocabula
479 2655 533 2718 per
547 2637 720 2717 compendia
736 2637 843 2715 scripta
859 2635 1034 2714 similiaque)
1050 2635 1195 2698 delectum

137 2736 288 2816 adponere
304 2755 340 2796 ex
355 2737 505 2817 scripturis
521 2746 688 2802 ceterorum
703 2737 833 2800 eiusdem
848 2737 975 2798 familiae
986 2737 1107 2808 factum,
1119 2756 1194 2816 pau·

79 2905 83 2910 ,
137 2838 256 2900 sissima
286 2855 356 2900 vero
386 2858 421 2900 ex
446 2840 526 2902 libris
551 2841 742 2921 interpolatis.
783 2839 909 2919 denique
935 2838 1065 2900 Vaticani
1090 2839 1196 2900 codicis

136 2941 278 3002 lectiones
298 2941 370 3002 item
392 2939 518 3022 integras
540 2943 616 3004 dedi.
652 2948 801 3022 praeterea
823 2948 957 3003 veterum
976 2941 1145 3003 testimonia
1164 2961 1198 3004 ea

139 3061 214 3123 quae
229 3043 402 3104 notabiliora
416 3044 591 3106 videbantur
605 3042 824 3106 commentariis
835 3041 955 3104 inserui.
982 3063 998 3102 e
1011 3043 1197 3122 quibuscum

137 3144 339 3207 Frontoniana
358 3145 471 3207 ambitu
491 3155 521 3208 et
535 3147 708 3208 auctoritate
724 3145 826 3207 ceteris
840 3151 1000 3225 praestent,
1014 3127 1110 3206 virum
1125 3145 1197 3206 doc·

139 3247 289 3309 tissimum
301 3247 323 3308 Ι.
336 3247 370 3308 N.
388 3247 428 3310 du
438 3249 513 3310 Rieu
528 3249 564 3310 de
580 3249 723 3328 scriptura
738 3247 977 3310 membranarum
992 3247 1199 3327 palimpsesto-

140 3367 208 3409 rum
232 3349 375 3411 consului.
408 3350 562 3430 rescripsit
577 3348 780 3412 liberalissime
805 3349 980 3428 paucissimo
1004 3365 1084 3410 nune
1106 3348 1198 3410 ineis

140 3451 253 3530 paginis
271 3453 302 3512 in
322 3451 429 3532 quibus
444 3451 565 3514 Sallusti
585 3451 674 3514 verba
693 3457 792 3512 extant
811 3452 866 3530 legi
881 3468 985 3530 posse:
1006 3449 1083 3510 binis
1097 3457 1199 3510 tamen

139 3552 212 3614 locis
226 3571 336 3613 nomeu
348 3553 411 3614 eius
422 3553 646 3616 adscribendum
660 3555 730 3628 erat,
746 3553 849 3614 ceteris
860 3551 961 3631 Angeli
972 3549 1037 3614 Maii
1048 3550 1104 3613 lide
1115 3559 1200 3612 stan-

139 3654 222 3727 dum,
238 3655 322 3714 cuius
336 3655 472 3719 Romano
488 3657 622 3736 exemplo
637 3673 715 3717 anno
733 3653 814 3717 1823
830 3653 909 3715 edito
923 3672 995 3714 usus
1010 3665 1107 3714 sums

224 3755 346 3817 Praeter
359 3756 512 3818 Catilinam
527 3765 557 3818 et
571 3757 743 3838 Iugurtham
755 3757 833 3818 edidi
847 3755 1096 3817 Historiarum
1110 3755 1198 3816 reli-

141 3857 246 3938 quias
265 3859 443 3938 potiores.
475 3877 509 3920 ac
528 3861 658 3939 primum
674 3859 793 3938 quidem
809 3858 993 3920 orationes
1009 3863 1042 3917 et
1057 3857 1200 3935 epistu-

141 3960 196 4021 las
216 3961 280 4020 solo
297 3960 399 4022 codice
418 3960 558 4022 Vaticano
578 3961 614 4022 ad
636 3979 692 4022 nos
711 3967 886 4054 propagatas
905 3977 970 4020 esse
991 3959 1112 4036 eiusque
1128 3976 1199 4035 apo-

141 4061 267 4142 grapha·
289 4081 354 4145 esse
390 4063 524 4144 exempla
555 4063 672 4134 saectdo
691 4063 742 4124 XV
769 4063 882 4142 scripta
923 4059 1086 4122 certissimo
1113 4075 1200 4138 argu-
