2846 4682
241 373 278 438 18
354 404 364 424 ι
607 373 633 426 G.
647 371 806 428 SALLUSTI
823 373 926 426 cutsrl

141 525 143 529 ’
198 529 287 601 adit
323 528 376 590 sed
395 529 446 591 ubi
466 529 514 590 ille
534 529 661 597 adsedit,
683 530 818 603 Catilina,
841 535 953 591 uteret
967 535 1086 608 paratus
1101 529 1137 590 ad
1153 527 1293 590 dissimu-

233 613 317 675 landa
336 615 449 687 omnia,
477 615 606 678 demisso
626 615 707 676 voltu
726 635 797 676 voce
816 614 942 694 supplici
961 614 1109 693 postulare
1130 615 1293 693 apatrihus

234 701 329 779 coepit
350 700 458 779 nequid
477 700 512 761 de
534 719 565 761 se
585 708 697 762 temere
712 702 879 773 crederent3
895 719 928 760 ea
943 697 1053 784 familia
1067 707 1184 770 ortum,
1206 699 1247 760 ita
1260 719 1292 761 se

233 785 269 845 ab
284 785 480 846 adtdescentia
493 786 583 848 vitam
597 787 775 857 instituisse,
794 793 829 846 ut
843 785 943 846 omnia
957 785 1033 845 bona
1048 783 1080 844 in
1093 803 1146 863 spe
1160 784 1291 845 haberet.

232 888 270 930 ne
290 871 502 931 existumarent
522 871 578 932 sibi
598 871 723 950 patricio
740 871 869 942 homini,
891 870 975 931 euius
989 869 1081 949 ipsius
1095 877 1183 948 atque
1199 868 1292 930 maio-
1314 885 1330 935 5

232 974 301 1016 rum
322 955 460 1035 pluruma
477 956 611 1017 benificia
630 957 662 1016 in
680 956 797 1035 plebem
811 957 976 1018 itomanam
995 963 1108 1027 essent,
1132 954 1246 1033 perdita
1257 973 1292 1016 re

215 1067 217 1072 ·
233 1041 347 1120 publica
367 1060 442 1120 opus
457 1060 536 1113 esse,
552 1061 620 1102 cum
635 1061 701 1102 eam
715 1049 844 1102 servaret
857 1041 894 1101 hl.
910 1039 1033 1111 Tullius,
1048 1039 1207 1118 inquilinus
1222 1039 1293 1100 civis

196 1141 212 1192 8
233 1126 315 1186 urbis
339 1127 459 1186 Romae.
495 1127 531 1187 ad
555 1127 613 1187 hoe
632 1127 786 1187 maledicta
806 1125 862 1186 alia
881 1144 948 1186 cum
969 1125 1103 1197 adderet,
1124 1125 1292 1204 obstrepere

196 1224 212 1274 9
234 1229 355 1282 omnes,
377 1212 493 1274 hostem
515 1218 601 1290 atque
621 1211 795 1290 parricidam
815 1229 927 1272 vocare.
957 1217 1023 1270 tum
1049 1209 1097 1270 ille
1116 1209 1294 1272 furibundus

194 1363 199 1371 ¹
229 1287 381 1373 ‘quoniam
393 1296 512 1376 quidem
529 1287 753 1358 cimumventus'
768 1287 920 1375 inquit‘ab
931 1294 1057 1356 inimicis
1064 1313 1204 1374 praeceps
1213 1313 1290 1374 agor,
1315 1309 1347 1359 ιο

171 1381 213 1444 32
233 1381 400 1441 incendium
416 1399 518 1442 meum
533 1382 618 1442 ruina
631 1373 831 1462 restinguam?
860 1380 963 1442 deinde
978 1399 1010 1440 se
1025 1397 1061 1441 er
1075 1379 1155 1442 curia
1169 1380 1291 1450 domum

232 1466 385 1545 proripuit.
409 1466 449 1527 ibi
460 1466 551 1528 multa
563 1467 625 1546 ipse
637 1486 738 1528 secum
750 1467 876 1538 volvens,
890 1465 969 1546 quod
980 1483 1076 1544 neque
1087 1465 1208 1526 insidiae
1219 1482 1291 1526 oon-

232 1551 289 1611 suli
303 1551 500 1630 procedebant
515 1559 545 1613 et
560 1553 596 1612 ab
610 1553 743 1613 incendio
758 1551 943 1630 intellegebat
957 1550 1062 1612 urbem
1077 1551 1180 1629 vigiliis
1192 1550 1291 1611 muni·

222 1643 309 1704 tam,
331 1645 487 1716 optumum
507 1637 587 1698 iaetu
606 1637 729 1698 medens
748 1636 910 1698 exercitum
931 1653 1037 1715 augere
1056 1654 1090 1696 ac
1104 1635 1186 1714 prius
1201 1654 1291 1714 quam

232 1720 359 1801 legiones
379 1722 579 1784 scriberentur
597 1723 690 1784 multa
711 1729 898 1802 antecapere,
921 1737 995 1806 quqe
1011 1720 1089 1782 bello
1102 1720 1170 1780 usui
1183 1721 1289 1793 forent,
1314 1732 1346 1782 15

169 1877 173 1886 Ι
232 1813 319 1867 nocte
339 1807 517 1888 intempesta
539 1827 607 1869 eum
627 1809 727 1887 paucis
748 1808 779 1868 in
792 1805 935 1868 Manliana
957 1813 1053 1868 castra
1071 1805 1220 1885 profectus
1235 1813 1289 1868 est

195 1907 210 1957 2
232 1892 285 1952 sed
299 1892 425 1973 Cethego
440 1899 528 1972 atque
539 1893 665 1954 lentulo
675 1893 848 1972 ceterisque,
862 1909 990 1972 quorum
1002 1899 1177 1970 cognoverat
1187 1909 1290 1970 prom-

232 1985 313 2054 ptam
339 1978 502 2049 audaciam,
529 1978 649 2039 mandat
669 1979 776 2056 quibus
802 1977 890 2038 rebus
916 1984 1039 2056 possent
1060 1995 1130 2056 opes
1153 1975 1289 2037 factionis

231 2065 422 2134 confirment,
443 2063 562 2124 insidias
578 2063 691 2124 consuli
705 2070 870 2130 maturent,
889 2062 1008 2122 eaedem
1026 2061 1159 2122 incendia
1176 2061 1288 2140 aliaque

230 2147 298 2206 belli
308 2147 438 2208 facinora
448 2155 566 2226 parent:
584 2167 648 2208 sese
659 2166 751 2227 prope
762 2147 840 2208 diem
852 2165 920 2207 cum
931 2163 1037 2225 magno
1049 2147 1179 2207 exercitu
1190 2147 1226 2207 ad
1237 2164 1288 2208 ur-
1311 2155 1345 2208 2⁰

232 2231 300 2290 bem
316 2250 514 2294 accessurum.

316 2317 392 2377 lium
411 2318 484 2378 haec
497 2317 608 2378 Romae
622 2323 782 2397 geruntur,
799 2317 830 2377 C.
847 2315 970 2376 hlanlius
985 2335 1021 2376 ex
1034 2335 1089 2377 suo
1106 2333 1231 2377 numero
1246 2315 1289 2375 le-

232 2409 315 2480 gatos
340 2403 376 2462 ad
399 2402 539 2463 Marcium
558 2402 667 2482 Regem
693 2401 785 2462 mittit
813 2421 881 2462 cum
905 2400 1051 2461 mandatis
1076 2399 1288 2462 huiuscemodi.

170 2483 211 2546 88
229 2477 316 2546 ‘Deos
330 2487 524 2562 hominesque
539 2494 697 2559 testamur,
719 2487 894 2566 imperator,
910 2504 966 2547 nos
980 2503 1061 2546 arma
1076 2504 1173 2566 neque
1188 2491 1289 2548 contra

232 2571 358 2650 patriam
378 2573 487 2651 cepisse
507 2568 603 2651 neque
622 2591 680 2650 quo
700 2571 865 2652 periculum
885 2571 949 2632 aliis
968 2571 1147 2643 faceremus,
1172 2571 1224 2632 sed
1244 2569 1288 2630 uti
1310 2583 1344 2633 25

232 2675 355 2735 corpora
373 2665 475 2718 nostra
495 2659 534 2718 ab
551 2657 658 2718 iniuria
677 2665 742 2719 tuta
761 2658 872 2730 forent,
895 2657 946 2736 qui
966 2657 1067 2718 miseri
1093 2665 1212 2736 egentes
1227 2655 1289 2716 vio·

232 2741 319 2802 lentie
340 2750 428 2823 atque
443 2743 615 2804 erudelitate
628 2743 829 2805 feneratomm
844 2743 977 2822 plerique
991 2743 1101 2821 patriae
1116 2742 1168 2802 sed
1186 2758 1289 2801 omnes

232 2826 309 2888 fama
335 2835 423 2908 atque
443 2828 569 2888 fortunis
588 2837 723 2907 expertes
742 2847 854 2889 sumus.
879 2845 976 2906 neque
995 2828 1131 2905 cuiquam
1152 2834 1289 2884 nostrum

234 2911 315 2972 licuit
334 2932 417 2974 more
436 2914 583 2975 maiorum
598 2914 660 2992 lege
676 2914 719 2973 uti
735 2931 831 2991 neque
846 2912 955 2972 amisso
970 2909 1148 2989 patrimonio
1162 2908 1288 2968 liberum

233 3015 340 3075 corpus
363 2997 487 3058 habere:
503 3004 583 3059 tanta
604 2997 721 3058 saevitia
741 2997 940 3057 feneratorum
961 3003 1049 3072 atque
1063 2993 1206 3072 praetoris
1219 2991 1285 3052 fuit.
1308 3003 1344 3056 30

196 3095 212 3145 2
234 3099 320 3160 saepe
343 3083 468 3144 maiores
498 3090 634 3146 nostrum
659 3081 782 3143 miseriti
801 3080 892 3160 plebis
914 3079 1063 3140 Romanae
1084 3077 1209 3138 decretis
1227 3077 1290 3138 suis

194 3181 198 3196 ¹
232 3166 347 3246 inopiae
362 3167 426 3228 eius
440 3167 573 3247 opitulati
587 3176 671 3240 sunt,
688 3187 721 3228 ac
734 3167 902 3228 novissume
920 3163 1063 3225 memoria
1081 3170 1181 3222 nostra
1198 3181 1290 3242 prop-

232 3260 277 3312 ter
296 3253 530 3331 magnitudinem
549 3254 623 3314 aeris
633 3253 730 3312 alieni
750 3251 915 3312 volentibus
930 3248 1068 3312 omnibus
1083 3248 1170 3308 bonis
1184 3265 1291 3324 argen-

196 3350 211 3400 3
232 3345 295 3398 tum
316 3356 382 3399 aere
402 3339 533 3400 solutum
548 3347 601 3399 est.
633 3357 718 3416 saepe
740 3337 803 3416 ipsa
824 3335 924 3415 plebes
943 3344 994 3394 aut
1008 3333 1177 3394 dominandi
1192 3334 1290 3395 studio

243 3455 445 3466 ...ann—..—

299 3503 314 3552 2
327 3508 457 3570 postulare
468 3523 483 3556 a
495 3507 609 3571 putribus
621 3506 704 3571 coepit
719 3505 759 3567 Ca,
773 3504 902 3571 postulare
914 3503 1029 3568 patribus
1043 3501 1126 3568 coepit
1137 3501 1188 3567 PC,
1201 3509 1289 3568 postu·

229 3573 284 3621 lare
297 3588 312 3622 a
326 3574 437 3636 patribus
449 3591 470 3623 c.
485 3575 533 3636 (vel
548 3581 646 3625 centum
664 3573 703 3624 vel
718 3572 880 3639 conscriptis)
892 3590 905 3622 z
919 3573 928 3637 ΙΙ
942 3573 956 3620 5
974 3578 1130 3621 estumarent
1141 3572 1165 3620 P
1175 3575 1200 3619 et
1210 3571 1289 3636 pleri·

230 3656 277 3774 di
289 3639 330 3756 1⁰2¹*
335 3643 485 3760 ldtlll
494 3642 515 3692 Η
518 3681 522 3691 ’
535 3640 684 3769 &illd
700 3643 727 3760 ἑὲ
738 3642 854 3762 tiu?
856 3657 895 3760 ”13¹¹
907 3638 1290 3768 lunilnul'sllttl

229 3777 335 3826 uoluens
346 3726 390 3844 Idi}
405 3779 435 3826 1³
448 3727 666 3843 praddddbobdldill’
677 3727 731 3842 ”pl-i
745 3724 980 3842 multahntdca'pere
992 3777 1041 3834 Pe,
1053 3775 1131 3825 multo
1142 3722 1291 3838 praeucEire

230 3851 378 3909 antecapere
390 3845 570 3909 Cdatera'orea,
582 3849 661 3896 multa
670 3845 717 3894 del.
729 3846 831 3895 Curtius
843 3845 852 3910 ll
867 3846 897 3894 ‘tl
912 3845 1010 3909 patriae
1019 3843 1070 3906 PC,
1082 3843 1164 3909 patria
1175 3843 1204 3892 V
1204 3843 1225 3892 C
1234 3843 1244 3907 ΙΙ
1256 3841 1289 3892 23

232 3919 345 3961 nostrum
355 3914 470 3980 cuiquam
483 3914 511 3966 V
521 3914 531 3979 ΙΙ
545 3918 576 3963 iu
589 3929 633 3964 ore
643 3928 767 3962 maiorum
777 3917 803 3975 (g
811 3915 896 3974 eausa)
907 3913 937 3974 P,
951 3912 1071 3962 tneimmn
1079 3927 1096 3976 p
1109 3912 1119 3974 ll
1133 3914 1160 3958 :tt
1177 3917 1290 3960 nestrum

229 3977 440 4032 ‘sucmusimam
456 3980 625 4048 scripturam’
641 3979 736 4031 Gellius
751 3980 814 4030 dieti
824 3979 866 4045 20,
879 3981 904 4042 5,
916 3980 1006 4041 uestri,
1019 3978 1165 4043 quereum
1177 3981 1203 4028 in
1215 3978 1289 4028 turn

231 4053 435 4116 superscriptum
446 4051 515 4112 dieat,
528 4050 557 4101 V
563 4054 623 4101 etin
633 4065 718 4114 marg.
727 4065 753 4116 p,
766 4048 847 4099 nostri
857 4049 902 4099 PC
912 4047 921 4114 ll
935 4047 1042 4098 miseriti
1052 4046 1130 4112 PCV,
1142 4045 1240 4096 miserti
1249 4044 1291 4095 nel

231 4117 344 4167 miserati
359 4117 398 4184 Ch
412 4121 442 4168 34
455 4119 508 4184 ples
521 4121 544 4169 Ρ
