2854 4678
461 365 649 418 ORATIONES
666 364 711 416 ET
729 363 911 416 urtsutlbnn
1150 367 1206 428 121

152 522 229 584 rium
244 529 274 582 et
284 521 421 600 reliquias
436 522 555 582 exulum
570 527 784 600 persequantur
795 538 863 580 cum
878 519 1052 598 imaginibus
1068 521 1144 582 suis:
1157 521 1209 581 ab·

151 607 189 668 sit
207 606 370 686 periculum
391 613 420 676 ct
439 607 521 666 labos
542 605 648 686 quibus
670 605 749 666 nulla
767 622 836 683 pars
850 604 964 666 fruetus
979 613 1032 666 est.
1062 606 1119 666 nisi
1133 607 1209 667 forte
1232 613 1262 665 tn

151 691 302 772 repentina
317 691 372 751 ista
386 691 578 752 frumentaria
592 692 655 768 lege
669 687 770 750 munia
784 696 882 750 vostra
896 699 1066 768 pensantur.
1093 709 1151 770 qua
1166 700 1210 752 ta·
1272 752 1274 756 ,

153 793 221 836 meu
236 776 334 854 quinis
348 776 454 836 modiis
466 777 633 836 libertatem
645 775 779 835 omnium
791 782 1000 846 aestumavere,
1017 776 1068 854 qui
1079 777 1211 854 prolecto

116 875 132 922 t
152 879 213 921 non
228 861 354 940 amplius
368 869 494 940 possunt
509 861 655 922 alimentis
671 859 804 920 carceris.
835 876 962 936 namque
976 867 1010 920 ut
1027 859 1084 920 illis
1100 861 1210 938 exigui-

151 951 211 1006 tate
225 965 308 1006 mors
322 945 505 1024 prohibetur,
521 951 678 1006 senescunt
692 944 777 1015 vires,
793 944 835 1004 sic
845 961 942 1022 neque
953 943 1075 1005 absolvit
1085 964 1155 1006 eura
1166 946 1211 1006 fa-

151 1029 257 1090 miliari
276 1038 337 1090 tam
357 1049 445 1109 parva
464 1049 512 1090 res
532 1038 562 1090 et
581 1029 676 1108 ignavi
696 1029 839 1108 cuiusque
852 1028 1052 1090 tenuissumas
1066 1049 1133 1108 spes
1147 1031 1211 1090 fru-

152 1121 269 1176 stratur.
306 1134 363 1194 qua
388 1123 488 1176 tamen
513 1115 647 1194 quamvis
673 1113 769 1193 ampla
796 1113 936 1192 quoniam
964 1114 1062 1174 serviti
1080 1115 1208 1193 pretium
1232 1125 1265 1175 2ο

152 1207 356 1271 ostentaretur,
373 1199 456 1260 euius
471 1199 633 1278 torpedinis
648 1205 710 1258 erat
723 1199 817 1278 decipi
832 1205 862 1259 et
876 1206 1041 1260 vostrarum
1053 1217 1152 1260 rerum
1164 1199 1211 1260 ul-

104 1289 134 1342 tt
151 1291 198 1344 tro
214 1283 343 1344 iniuriae
363 1283 485 1362 gratiam
505 1280 636 1344 debere?
654 1283 800 1344 cavendus
821 1283 908 1344 dolus
927 1291 981 1344 est.
1013 1300 1140 1363 namque
1155 1283 1210 1344 alio
1232 1295 1263 1346 21

152 1367 241 1429 modo
256 1385 351 1447 neque
365 1370 461 1430 valent
475 1368 507 1428 in
514 1369 673 1438 univorsos
684 1385 780 1448 neque
792 1367 985 1429 conabuntur.
1012 1368 1111 1448 itaque
1123 1367 1211 1429 simul

152 1463 310 1532 conparant
327 1453 521 1514 delenimenta
536 1461 566 1514 et
581 1453 720 1514 differunt
735 1471 785 1513 vos
797 1453 829 1512 in
839 1451 998 1513 adventum
1011 1453 1062 1513 Cu.
1079 1453 1209 1532 Pompei,

152 1555 241 1616 quem
260 1539 358 1616 ipsum
375 1537 426 1598 ubi
446 1538 641 1616 pertimuere,
668 1537 816 1598 sublatum
836 1537 867 1596 in
888 1537 1013 1598 cervices
1033 1556 1117 1610 suas,
1140 1557 1211 1598 mox

152 1623 273 1700 dempto
294 1632 375 1683 metu
389 1623 525 1684 lacerant.
555 1641 651 1702 neque
671 1641 721 1683 ees
735 1623 842 1700 pudet,
863 1621 991 1682 vindices
1006 1623 1051 1682 uti
1066 1641 1097 1683 se
1112 1623 1211 1702 lerunt
1231 1634 1263 1685 22

103 1713 135 1762 tt
153 1705 309 1778 libertatis,
331 1715 377 1767 tot
398 1707 476 1768 viros
491 1707 555 1768 sine
569 1725 630 1768 uno
645 1715 696 1767 aut
710 1707 861 1767 remittere
876 1706 1014 1766 iniuriam
1028 1725 1090 1768 non
1105 1707 1212 1768 audere

152 1798 203 1851 aut
221 1791 267 1852 ius
287 1809 348 1852 non
368 1811 455 1870 posse
470 1790 636 1852 defendere.
668 1791 742 1851 mibi
757 1791 876 1870 quidem
891 1791 961 1852 satis
977 1799 1141 1870 spectatum
1155 1799 1210 1863 est,
1233 1801 1265 1852 ²³

153 1875 337 1954 Pompeium,
352 1883 449 1937 tantae
465 1877 574 1955 gloriae
588 1877 813 1947 adulescentem,
830 1877 916 1936 malle
931 1875 1095 1956 principem
1111 1876 1211 1936 volen-

153 1959 232 2020 tibus
256 1960 338 2021 vobis
361 1977 426 2022 esse
452 1979 541 2040 quam
562 1961 617 2021 illis
636 1960 846 2021 dominationis
866 1961 980 2021 socium
1001 1969 1211 2040 auctoremque

153 2045 183 2105 in
197 2046 300 2123 primis
314 2046 378 2106 lore
392 2045 566 2106 tribuniciae
580 2046 743 2124 potestatis.

103 2135 136 2190 20
238 2131 356 2198 Verum,
372 2130 510 2203 Quirites,
526 2139 612 2192 antea
626 2129 732 2210 singuli
748 2129 825 2190 cives
836 2129 868 2190 in
878 2128 1021 2208 pluribus,
1038 2129 1141 2190 nonin
1151 2147 1212 2190 uno
1234 2142 1267 2192 24

153 2215 250 2276 cuncti
266 2215 408 2294 praesidia
423 2215 588 2288 habebatis,
610 2233 707 2294 neque
722 2214 893 2278 mortalium
908 2214 1065 2294 quisquam
1080 2215 1148 2276 dare
1163 2222 1214 2275 aut

152 2299 265 2378 cripere
276 2300 344 2360 talia
355 2317 433 2360 unus
445 2307 569 2379 poterat.
592 2299 692 2378 itaque
703 2299 862 2360 verborum
875 2300 945 2360 satis
956 2299 1067 2360 dictum
1081 2306 1135 2360 est.
1157 2318 1210 2360 ne·
1233 2311 1265 2361 25

153 2401 210 2462 que
226 2384 305 2444 enim
317 2385 480 2463 ignorantia
491 2403 539 2445 res
551 2384 668 2456 claudit,
684 2401 788 2444 verum
800 2385 952 2462 occuparit
963 2384 1062 2444 nescio
1075 2403 1149 2464 quae
1160 2403 1211 2445 vos
1233 2393 1266 2444 26

151 2471 286 2548 torpedo,
298 2487 355 2548 qua
366 2486 428 2529 nou
437 2469 527 2548 gloria
539 2469 700 2530 movemini
710 2487 807 2548 neque
818 2469 936 2548 flagitio,
952 2477 1115 2548 cunctaque
1126 2487 1212 2547 prae-

102 2559 135 2608 25
153 2555 230 2614 senti
244 2554 356 2633 ignavia
371 2555 549 2618 mutavistis.
568 2554 688 2614 abunde
703 2553 870 2614 libertatem
884 2553 955 2623 rati,
972 2553 1039 2632 quia
1054 2553 1143 2632 tergis
1159 2554 1211 2613 ab-

151 2638 279 2699 stinetur
292 2647 323 2699 et
337 2639 396 2699 bue
409 2639 452 2699 ire
466 2639 534 2699 licet
548 2645 637 2718 atque
652 2638 735 2710 illuc,
752 2655 875 2698 munera
890 2637 996 2697 ditium
1011 2638 1210 2698 dominorum.

153 2730 241 2801 atque
256 2725 327 2784 baec
341 2725 444 2784 eadem
458 2741 520 2784 non
534 2731 605 2784 sunt
619 2723 798 2802 agrestibus,
820 2722 871 2782 sed
887 2722 1050 2782 caeduntur
1064 2722 1142 2783 inter
1155 2741 1211 2801 po·
1232 2733 1264 2784 27

153 2807 279 2868 tentiam
299 2807 466 2868 inimicitias
481 2809 620 2887 donoque
636 2809 744 2868 dantur
757 2807 789 2867 in
803 2806 967 2886 provincias
982 2805 1210 2886 magistratibus.

152 2892 192 2952 ita
206 2901 353 2972 pugnatur
368 2901 398 2954 et
412 2893 537 2954 vincitur
552 2892 667 2972 paucis:
682 2892 792 2970 plebes,
808 2892 1017 2971 quodcumque
1029 2892 1142 2964 accidit,
1158 2904 1211 2970 pro

103 2981 136 3034 ab
153 2977 237 3038 victis
252 2986 297 3040 est
311 2985 341 3038 et
355 2977 386 3038 iu
401 2978 462 3038 dies
478 2977 571 3056 magis
582 2977 648 3049 erit,
664 2977 689 3037 si
701 2977 818 3056 quidem
831 2977 941 3037 maiore
954 2995 1024 3037 eura
1034 2977 1227 3050 dominatio.-⁴

152 3079 222 3122 nem
236 3061 278 3122 illi
292 3062 475 3134 retinuerint,
492 3081 582 3141 quam
597 3081 649 3122 vos
663 3061 858 3141 repetiveritis
871 3061 1046 3124 libertatem.

393 3249 626 3319 EPISTULA
647 3250 968 3319 MITHRIDATIS.

237 3397 300 3458 Rex
318 3395 499 3457 Mithridates
518 3394 582 3472 regi
595 3393 694 3455 Arsaci
714 3395 850 3455 salutem.
881 3413 985 3455 omnes
1005 3393 1056 3472 qui
1075 3393 1210 3454 secundis
1233 3395 1251 3453 1

150 3482 238 3544 rebus
251 3482 312 3543 suis
324 3481 359 3540 ad
370 3479 438 3542 belli
448 3479 619 3540 societatem
631 3486 761 3550 orantur,
775 3478 957 3540 considerare
969 3479 1078 3539 debent
1088 3477 1211 3538 liceatne
1237 3543 1239 3546 ,

219 3617 235 3668 4
248 3616 330 3681 quinis
342 3616 430 3666 modiis
443 3614 588 3681 Abellanae,
601 3613 660 3679 quin
672 3614 694 3664 is
706 3614 786 3664 modis
800 3613 828 3665 V
843 3613 852 3681 ΙΙ
870 3615 886 3664 6
898 3615 1007 3664 absoluti
1021 3614 1055 3676 V,
1067 3617 1212 3664 correctum

151 3687 178 3734 in
193 3688 254 3734 cett.
267 3684 349 3746 aditu,
362 3685 428 3734 sicut
441 3699 520 3748 neque
535 3681 635 3732 absolui
650 3711 663 3718 -
680 3683 761 3746 possit
777 3681 861 3732 Aldus
879 3681 888 3748 ΙΙ
911 3683 924 3731 'l
943 3682 1029 3746 ignaui
1040 3681 1160 3746 cuiusque
1173 3689 1211 3732 te·

151 3752 285 3802 unissimus
297 3766 354 3818 spes
364 3750 505 3802 frustratur
518 3748 659 3801 Generosius
673 3749 774 3801 Obsceo.
783 3749 809 3814 3,
821 3752 846 3814 2,
859 3750 942 3814 iguem
954 3750 1075 3816 quiusque
1089 3749 1210 3800 tenuissi-

152 3833 205 3870 mas
216 3817 405 3886 perfrustratur
418 3819 452 3882 V,
465 3820 570 3882 ignauus
582 3817 686 3883 quisque
696 3817 843 3868 tenuissima
856 3833 900 3882 spe
911 3817 1052 3868 frustratur
1067 3820 1210 3872 coniecerat

154 3886 189 3936 ct.
203 3889 335 3938 Puteanus
352 3891 378 3936 et
393 3892 453 3937 ante
469 3903 539 3951 enm,
555 3888 609 3936 nisi
619 3884 687 3948 quod
698 3885 857 3950 ignauissimi
874 3886 978 3951 quique,
995 3883 1077 3935 Aldus
1095 3883 1105 3952 {l
1123 3885 1138 3933 8
1161 3898 1209 3948 qua

152 3953 282 4006 Faernus:
295 3970 357 4020 quuc
371 3954 399 4005 V
409 3954 418 4020 ΙΙ
434 3956 464 4004 10
483 3953 590 4004 iniuriae
601 3951 724 4016 Konisine,
738 3954 828 4003 iniuria
842 3953 871 4004 V
881 3955 890 4018 u
903 3955 1027 4003 cauendus
1041 3953 1113 4001 dolus
1126 3957 1166 3999 est
1181 3953 1208 3999 ia

154 4022 182 4073 V
191 4023 288 4088 iegitur
298 4027 357 4088 post
369 4023 533 4086 conabuntur,
546 4023 649 4072 traiecit
660 4020 742 4072 Fabri
753 4019 763 4088 ΙΙ
776 4023 808 4070 23
822 4021 893 4088 quac]
907 4036 955 4086 qua
968 4020 997 4070 V
1006 4017 1017 4086 ll
1033 4015 1207 4070 3222213221-

153 4087 197 4139 LA
208 4087 422 4140 ntrnnlnnuls
435 4089 466 4147 l<
