2854 4678
207 367 248 427 74
574 361 893 414 11111111111111

204 518 354 592 frustrari3
375 518 421 579 sin
440 517 583 579 Numidae
603 518 724 598 propius
745 519 952 590 adcessissent,
974 518 1013 579 ibi
1033 535 1102 579 vero
1122 517 1266 580 virtutem

122 625 131 638 ,
168 611 184 660 4
206 605 361 665 ostendere
376 610 406 664 11
420 621 471 663 eos
486 620 625 664 maxuma
640 603 668 662 vi
682 603 802 665 caedere
816 602 940 664 fundere
952 609 1039 682 atque
1050 603 1161 682 fugare.
1183 603 1266 665 inte·

204 689 261 748 rim
276 688 409 749 Metellus
428 705 497 748 cum
519 705 670 748 acerrume
691 706 755 748 rena
769 695 897 766 gereret,
918 689 1078 749 clamorem
1092 687 1232 750 hostilem
1247 707 1265 750 a

203 781 286 852 tergo
300 773 420 851 accepit,
436 771 505 833 dein
519 790 662 834 convorso
677 791 755 851 equo
770 771 977 836 animadvortit
989 772 1090 852 fugam
1101 773 1138 835 ad
1149 792 1180 834 se
1191 791 1262 835 vor·

168 868 183 918 5
203 877 271 918 sum
291 857 368 918 lieri:
392 875 532 938 quaeres
552 857 697 918 indicabat
715 857 863 936 popularis
881 875 956 918 esse.
990 858 1078 936 igitur
1097 857 1262 936 equitatum
1287 870 1305 920 5

204 961 325 1004 ornnem
340 943 376 1003 ad
392 949 487 1003 castra
500 959 626 1022 propere
641 941 721 1002 misit
735 960 769 1002 ae
783 941 884 1003 statim
896 943 926 1003 C.
939 941 1062 1002 Marium
1073 961 1143 1002 cum
1154 945 1262 1003 cohor-

203 1027 283 1089 tibus
302 1027 465 1100 sociorum,
489 1045 618 1105 eumque
638 1026 805 1086 lacrumans
825 1045 879 1104 per
896 1026 1055 1087 amicitiam
1073 1045 1184 1106 perque
1197 1045 1262 1088 rem

202 1112 349 1192 publicam
370 1112 518 1183 obsecrat,
540 1129 669 1190 nequam
690 1111 900 1172 contumeliam
918 1129 1071 1172 remanere
1085 1112 1117 1172 11
1130 1111 1261 1172 exercitu

201 1197 310 1258 victore
325 1214 397 1256 neve
412 1195 507 1256 hostis
522 1195 631 1255 inultos
646 1195 725 1256 abire
740 1195 826 1256 sinat.
857 1195 904 1256 ille
918 1195 998 1256 brevi
1010 1197 1149 1257 ¹mandata
1160 1196 1258 1258 elficit.
1287 1210 1291 1214 ·

168 1289 183 1340 t
204 1287 234 1342 at
248 1281 389 1360 iugurtha
403 1279 590 1340 munimento
605 1287 772 1342 castrorum
787 1279 944 1359 inpeditus,
961 1299 1029 1342 cum
1041 1279 1089 1341 alii
1099 1299 1189 1360 super
1199 1281 1260 1341 val-
1286 1292 1321 1344 to

202 1367 265 1426 lum
285 1365 560 1444 praecipitarentur,
583 1365 632 1426 alii
645 1364 677 1424 in
691 1364 832 1444 angustiis
847 1365 903 1444 ipsi
918 1365 973 1426 sibi
986 1372 1176 1445 properantes
1192 1366 1259 1426 otti-

165 1457 180 1508 1
202 1457 316 1522 cerent,
337 1451 438 1511 multis
454 1449 569 1510 amissis
584 1449 616 1509 in
629 1449 695 1510 loca
707 1449 822 1510 munita
836 1469 902 1510 sese
916 1450 1035 1530 recepit.
1065 1449 1197 1510 Metellus
1212 1451 1260 1510 in-

201 1535 279 1596 iecto
294 1535 424 1614 negotio,
445 1541 601 1616 postquam
616 1552 676 1595 nox
690 1535 802 1606 aderat,
823 1533 854 1594 in
873 1541 968 1596 eastra
983 1553 1051 1595 eum
1066 1535 1259 1596 1111111111-

139 1618 182 1680 ue
202 1619 335 1681 vortitur.
367 1619 454 1699 igitur
468 1627 587 1700 postero
602 1619 661 1692 die,
678 1619 760 1698 prius
775 1637 866 1698 quam
880 1619 916 1680 ad
931 1619 1160 1700 obpugnandum
1174 1637 1259 1699 egre-

202 1706 330 1778 deretur,
347 1706 513 1784 equitatum
529 1723 649 1766 omnem
664 1704 744 1765 inea
759 1712 851 1784 parte,
868 1722 924 1782 qua
938 1704 1014 1783 regis
1029 1704 1171 1765 adventus
1185 1713 1257 1778 erat,
1283 1717 1318 1766 15

199 1809 254 1869 pro
270 1791 374 1852 castris
388 1791 495 1870 agitare
510 1789 600 1862 iubet,
615 1797 714 1868 portas
729 1797 762 1850 et
773 1807 918 1868 proxuma
932 1789 994 1850 loca
1009 1789 1134 1850 tribunis
1145 1789 1259 1869 disper-

200 1875 251 1948 tit,
273 1875 377 1936 deinde
396 1876 459 1954 ipse
480 1875 574 1954 pergit
594 1875 631 1936 ad
646 1875 787 1954 oppidum
802 1881 889 1954 atque
904 1875 948 1936 uti
961 1874 1113 1953 superiore
1128 1875 1174 1942 die
1189 1893 1258 1936 mu-

164 1971 180 2022 2
200 1977 269 2020 rum
295 1959 469 2040 aggreditur.
506 1959 625 2021 interim
645 1959 786 2038 Iugurtha
806 1979 843 2019 ex
862 1960 977 2020 occulto
999 1965 1120 2039 repente
1139 1967 1258 2022 nostros

200 2045 319 2104 invadit.
351 2045 402 2123 qui
420 2045 452 2104 in
465 2061 610 2123 proxumo
626 2044 713 2105 locati
725 2045 855 2116 fuerant,
871 2045 1019 2124 paulisper
1031 2044 1126 2106 territi
1138 2051 1257 2124 pertur-

165 2139 180 2188 3
200 2129 315 2201 bantur,
332 2129 437 2208 reliqui
452 2129 510 2190 cito
525 2129 710 2189 subveniunt.
733 2147 829 2208 neque
844 2129 953 2190 diutius
965 2128 1109 2190 Numidae
1119 2129 1258 2190 resistere
1280 2137 1317 2187 20

200 2213 369 2290 quivissent,
386 2214 417 2295 11
431 2213 545 2292 pedites
560 2231 628 2274 curn
644 2213 790 2293 equitibus
804 2214 941 2292 permixti
955 2231 1090 2293 magnam
1103 2213 1257 2276 1111111111

199 2315 359 2376 congressu
383 2299 521 2359 facerent.
556 2297 663 2377 quibus
688 2297 729 2359 illi
748 2299 815 2360 freti
834 2316 908 2372 non,
931 2298 976 2360 uti
995 2297 1123 2378 equestri
1143 2297 1257 2378 proelio

198 2381 281 2454 solet,
298 2382 390 2461 sequi,
407 2383 475 2442 dein
489 2381 599 2454 cedere,
615 2383 666 2443 sed
681 2383 810 2444 advorsis
826 2383 907 2462 equis
922 2401 1105 2454 concurrere,
1117 2383 1255 2462 inplicare

199 2483 232 2526 ac
258 2467 428 2546 perturbare
449 2466 558 2527 aciem:
580 2466 619 2526 ita
639 2467 780 2546 expeditis
799 2468 946 2546 peditibus
967 2469 1028 2529 suis
1049 2468 1144 2528 hostis
1164 2486 1258 2547 paene

137 2551 178 2612 110
199 2551 291 2612 victos
310 2551 388 2613 dare.
419 2551 523 2612 eodem
543 2559 677 2630 tempore
693 2553 769 2631 apud
784 2551 904 2612 Zamam
919 2571 1022 2632 magna
1036 2553 1063 2612 vi
1079 2552 1253 2614 certabatur.
1276 2564 1313 2616 25

197 2635 249 2697 ubi
264 2637 505 2717 quisquelegatus
516 2643 567 2698 aut
580 2637 717 2698 tribunus
728 2636 856 2709 curabat,
873 2656 908 2696 eo
920 2655 1072 2698 acerrume
1083 2637 1145 2710 niti,
1158 2655 1255 2717 neque

198 2721 272 2782 alius
292 2722 323 2782 in
343 2723 398 2783 alio
418 2722 511 2802 magis
529 2741 619 2802 qnam
640 2722 671 2782 in
685 2740 750 2782 sese
766 2741 849 2800 spem
865 2721 972 2783 babere
985 2721 1153 2801 pariterque
1170 2723 1255 2802 oppi-

197 2806 265 2866 dani
285 2825 383 2885 agere:
407 2807 575 2887 obpugnare
594 2813 644 2868 aut
663 2823 765 2885 parare
786 2807 923 2868 omnibus
938 2806 1025 2881 locis,
1047 2806 1159 2868 avidius
1174 2809 1255 2869 alteri

161 2900 176 2950 2
197 2889 304 2951 alteros
315 2892 444 2952 sauciare
459 2910 548 2970 quam
562 2898 656 2951 semet
669 2898 778 2970 tegere,
794 2891 903 2952 clamor
913 2891 1076 2971 permixtus
1087 2892 1254 2954 hortatione

196 2975 305 3034 laetitia
329 2976 453 3054 gemitu,
479 2976 552 3036 item
571 2977 712 3054 strepitus
732 2994 882 3037 armorum
902 2976 939 3036 ad
960 2976 1072 3038 caelum
1091 2977 1176 3050 ferri,
1196 2978 1254 3040 tela
1275 2985 1310 3037 30

161 3069 176 3118 3
196 3057 346 3136 utrimque
371 3059 476 3120 volare.
512 3059 562 3120 sed
587 3059 628 3120 illi
648 3061 699 3138 qui
719 3061 835 3122 moenia
854 3055 1058 3134 defensabant,
1082 3063 1134 3123 ubi
1152 3063 1254 3124 hostes

196 3141 318 3221 paulum
345 3143 434 3204 modo
458 3161 586 3223 pugnam
610 3145 797 3218 remiserant,
823 3147 929 3207 intenti
952 3147 1098 3226 proelium
1117 3154 1254 3226 equestre

159 3228 431 3306 sprospectabant.
467 3247 532 3301 eos,
559 3227 603 3290 uti
633 3248 765 3310 quaeque
784 3231 940 3310 Iugurthae
966 3249 1013 3292 res
1038 3237 1135 3304 erant,
1161 3232 1253 3294 laetos

195 3312 286 3374 modo
307 3313 396 3374 modo
416 3313 535 3393 pavidos
555 3313 802 3376 animadverteres
816 3335 865 3390 ac,
888 3316 973 3376 sicuti
988 3315 1080 3376 audiri
1094 3336 1110 3377 a
1125 3317 1186 3378 suis
1201 3327 1253 3379 aut

196 3397 276 3458 cerni
296 3405 432 3478 possent,
454 3416 577 3460 monere
596 3399 644 3460 alii
662 3399 709 3460 alii
727 3399 840 3460 hortari
855 3407 905 3462 aut
920 3419 1010 3462 manu
1025 3401 1185 3480 sigirificare
1200 3410 1253 3464 aut
1272 3407 1307 3460 35

194 3481 248 3542 niti
268 3483 440 3562 corporibus
461 3491 491 3544 et
510 3503 543 3544 11
563 3485 623 3544 buc
644 3491 673 3544 et
692 3483 760 3544 illuc
780 3484 864 3562 quasi
884 3485 1033 3546 vitabundi
1048 3493 1098 3546 aut
1113 3486 1252 3548 iacientes

158 3577 173 3626 5
194 3566 251 3627 1111
266 3567 382 3646 agitare.
413 3569 493 3648 quod
507 3568 558 3629 ubi
572 3568 662 3629 llario
678 3568 827 3648 cognitum
842 3576 887 3630 est
901 3603 944 3614 -
958 3587 1028 3630 nam
1043 3571 1155 3632 111111
1168 3579 1250 3650 parte

195 3653 314 3712 curabat
339 3687 381 3696 —
401 3653 536 3714 consulto
555 3653 648 3713 lenius
669 3671 754 3732 agere
773 3673 807 3715 ac
826 3653 1018 3716 diffidentiam
1038 3655 1081 3715 rei
1100 3655 1247 3727 simulare,

263 3885 274 3935 l
289 3884 410 3936 frustrari
424 3884 604 3949 pullulasti
617 3884 685 3952 Cfl3
698 3887 874 3951 1111111110,
887 3889 1022 3939 clamorem
1033 3889 1076 3939 uel
1089 3891 1123 3953 (et
1134 3889 1248 3957 Cpmrcq

193 3953 326 4004 tumultum
338 3950 402 4021 Poll
415 3955 431 4004 4
443 3953 540 4018 accepit
551 3970 587 4003 11
598 3955 727 4006 11111111)
761 3955 793 4005 23
805 3956 908 4006 aduersi
919 3957 991 4023 sequi
999 3956 1050 4021 PC,
1063 3957 1178 4008 aduersis
1190 3959 1250 4024 equi

192 4035 259 4072 corr.
271 4025 298 4072 in
309 4023 338 4082 P,
348 4021 464 4072 aduersis
475 4021 546 4087 equis
557 4025 585 4072 to
596 4021 692 4088 11111111
704 4021 725 4073 C
746 4023 791 4074 ‚29
803 4025 944 4089 permixtus
955 4040 992 4076 11
1003 4025 1144 4091 promixtus
1157 4027 1181 4077 Ρ
1192 4022 1249 4092 1135

191 4097 296 4153 possent
307 4107 343 4140 11
354 4090 452 4156 possint
465 4089 489 4140 P
