2854 4678
480 352 522 401 llll
541 351 646 402 BELLO
665 350 870 403 IUGUIITHINO
1166 357 1205 419 85

143 503 278 564 studium
292 505 338 564 sui
354 504 501 582 perducit,
526 506 591 583 quis
606 506 787 566 adiutoribus
802 525 902 585 regem
922 525 1074 585 aggressus
1094 509 1206 586 inpellit

144 589 188 648 uti
203 588 345 649 advorsus
359 589 509 650 Romanos
524 589 634 650 hellum
650 591 777 670 incipiat.
807 591 837 650 id
853 607 886 650 ea
901 593 992 670 gratia
1006 591 1119 652 facilius
1134 611 1204 670 pro·
1226 605 1242 652 4

143 673 269 751 niusque
289 673 358 746 tuit,
382 675 461 751 quod
476 675 609 735 Bocchus
628 675 711 735 initio
733 675 855 736 huiusce
876 675 943 735 belli
956 676 1065 754 legatos
1080 677 1206 737 Romam

143 759 263 818 miserat
274 758 378 818 foedus
390 765 419 817 et
429 759 587 818 amicitiam
599 758 827 838 petitum,quam
841 777 904 819 rem
913 761 1205 838 opportunissumam
1227 773 1242 820 5

107 857 122 904 5
144 843 261 920 incepto
282 843 360 902 bello
379 843 465 920 pauci
480 843 692 920 impediuerant
708 845 785 904 caeci
800 843 933 916 avaritia,
955 845 1020 922 quis
1036 845 1135 905 onmia
1150 847 1205 906 ho-

143 934 226 986 nesta
245 933 334 1006 atque
349 926 504 988 Inhonesta
520 928 645 988 vendere
660 947 726 987 mos
741 935 812 988 erat.
843 927 932 988 etiam
948 937 1033 988 antea
1048 929 1204 1007 Iugurthae
1227 941 1242 987 o

142 1011 201 1071 lilia
214 1011 324 1072 Bocchi
338 1019 487 1088 nupserat.
510 1030 613 1072 verum
628 1030 661 1071 ea
676 1012 864 1072 necessitudo
879 1013 956 1090 apud
971 1013 1112 1076 Numidas
1123 1013 1206 1074 Mau-

142 1113 250 1172 rosque
265 1095 336 1154 levis
351 1095 477 1167 ducitur,
494 1096 561 1174 quia
576 1097 682 1174 singuli
696 1115 750 1174 pro
768 1097 873 1175 opibus
889 1097 1015 1176 quisque
1031 1116 1120 1175 quarn
1138 1098 1205 1176 plu·
1234 1173 1240 1180 x

143 1197 243 1240 rumas
258 1198 374 1251 uxores,
392 1179 481 1239 denas
496 1180 544 1240 alii
559 1181 606 1240 alii
621 1180 712 1258 pluris
727 1181 846 1253 hahent,
863 1181 914 1240 sed
926 1201 1009 1260 reges
1022 1200 1057 1240 co
1070 1182 1204 1260 amplius.
1241 1178 1246 1186 ”

91 1276 122 1323 10
145 1264 186 1324 ita
205 1263 322 1324 animus
338 1263 526 1324 multitudine
543 1265 729 1325 distrahitur:
750 1266 829 1326 nulla
843 1283 898 1344 pro
914 1266 992 1326 socia
1008 1267 1136 1343 optinet,
1151 1285 1204 1344 pa·
1227 1282 1241 1328 τ

143 1348 214 1408 riter
229 1365 334 1408 omnes
349 1348 419 1408 viles
434 1356 513 1409 sunt.
544 1349 632 1427 igitur
646 1349 676 1408 in
691 1350 789 1410 locum
805 1349 948 1410 ambobus
963 1350 1103 1428 placitum
1123 1368 1206 1410 exer·
1227 1357 1267 1416 81

144 1433 218 1493 citus
233 1433 419 1493 conveniunt.
441 1433 482 1492 ihi
492 1433 548 1494 fide
561 1433 627 1494 data
638 1442 667 1494 et
679 1443 796 1512 accepta
807 1434 944 1512 Iugurtha
957 1434 1065 1494 Bocchi
1076 1435 1207 1494 animum

145 1517 277 1577 oratione
292 1517 436 1576 accendit:
453 1518 603 1578 Romanos
619 1518 916 1596 iniustosprot'unda
928 1519 1054 1590 avaritia,
1069 1537 1205 1578 commu-

145 1602 189 1660 nis
209 1601 346 1661 omnium
362 1601 455 1661 hostis
471 1621 552 1673 esse,
569 1602 692 1662 eandem
708 1603 772 1662 illos
788 1621 906 1662 causam
923 1602 1074 1662 bellicum
1090 1603 1206 1662 Boccho

92 1694 122 1742 15
145 1685 260 1756 hahere,
274 1704 363 1763 quam
375 1704 476 1745 secum
489 1686 597 1746 etcum
609 1686 671 1746 aliis
682 1687 826 1764 gentibus,
838 1686 999 1746 lubidinem
1011 1687 1206 1764 imperitandi,

145 1770 210 1848 quis
232 1771 330 1829 omnia
350 1788 439 1848 regna
453 1771 575 1830 advorsa
590 1771 657 1830 sint.
688 1779 752 1830 tum
767 1789 847 1841 sese,
869 1771 955 1848 paulo
972 1777 1038 1829 ante
1056 1771 1205 1848 Carthagi-

144 1855 263 1924 niensis,
280 1854 351 1913 itcm
367 1848 466 1932 regem
482 1854 600 1925 Persen,
616 1861 684 1933 post
698 1855 742 1914 uti
757 1855 883 1932 quisque
898 1854 1150 1932 opulentissumus
1161 1854 1204 1913 vi-

146 1939 262 2009 deatur,
284 1939 325 1998 ita
339 1939 480 1998 Romanis
502 1939 619 1999 hostem
639 1938 711 1998 fore.
744 1939 784 1997 eis
804 1945 891 2016 atquc
914 1939 977 1998 aliis
999 1938 1105 1998 talibus
1121 1938 1206 1998 dictis
1228 1945 1243 1994 2

146 2023 181 2082 ad
202 2021 316 2082 Cirtam'
327 2022 469 2100 oppidum
483 2022 539 2082 iter
553 2023 746 2094 constituunt,
763 2021 892 2100 quodibi
906 2022 959 2098 [0.]
976 2022 1109 2082 Metellus
1120 2040 1207 2100 prae-

92 2114 124 2162 20
145 2107 211 2167 dam
228 2107 417 2184 captivosque
432 2114 461 2166 et
476 2106 673 2185 inpedimenta
684 2108 837 2166 locaverat.
861 2107 901 2166 ita
913 2107 1051 2184 Iugurtha
1062 2113 1144 2165 ratus
1156 2113 1206 2166 aut
1228 2114 1243 2162 3

146 2199 228 2270 capta
242 2191 316 2250 urbe
332 2210 437 2270 operae
453 2191 581 2269 pretium
596 2191 659 2252 lore
675 2199 735 2263 aut,
752 2191 777 2250 si
793 2191 851 2250 dux
863 2191 1013 2250 Romanus
1026 2189 1132 2251 auxilio
1145 2191 1206 2250 suis

146 2275 287 2346 venisset,
304 2275 413 2352 proelio
430 2294 494 2336 sese
509 2282 681 2335 certaturos.
712 2293 780 2334 nam
797 2275 915 2335 callidus
936 2276 965 2334 id
981 2275 1070 2335 modo
1085 2274 1206 2335 festina·
1227 2285 1243 2332 4

147 2359 203 2431 bat,
220 2359 328 2419 Bocchi
342 2378 444 2437 pacem
460 2360 634 2430 inminuere,
646 2378 684 2418 ne
695 2378 794 2420 moras
806 2359 941 2438 agitando
953 2359 1029 2419 aliud
1043 2378 1131 2436 quam
1142 2358 1206 2418 bel-

148 2444 209 2504 lum
224 2443 333 2503 mallet.

95 2534 127 2583 25
232 2528 396 2606 Imperator
414 2535 571 2606 postquam
592 2528 627 2587 de
647 2545 749 2606 regum
770 2527 908 2587 societate
924 2527 1068 2604 cognovit,
1084 2543 1145 2585 non
1160 2535 1206 2585 te·
1227 2531 1269 2592 82

148 2630 228 2672 mere
244 2629 356 2690 neque,
372 2611 416 2672 uti
432 2631 518 2690 saepe
534 2613 592 2671 iam
607 2611 683 2672 victo
698 2612 838 2690 Iugurtha
853 2617 1053 2682 consueverat,
1070 2610 1207 2668 omnibus

148 2697 219 2758 locis
241 2696 390 2774 pugnandi
411 2696 525 2774 copiam
545 2696 622 2756 facit.
659 2702 789 2755 ceterum
805 2695 883 2755 haud
898 2694 1050 2773 proculab
1066 2694 1143 2753 Cirta
1158 2711 1206 2752 ca-

148 2782 215 2841 stris
236 2780 358 2841 munitis
373 2799 457 2858 reges
473 2781 636 2860 opperitur,
653 2779 757 2839 melius
773 2798 837 2839 esse
852 2786 933 2838 ratus
950 2777 1075 2856 cognitis
1090 2777 1205 2848 Mauris,

149 2867 288 2944 quoniam
308 2865 334 2924 is
355 2883 446 2925 novos
466 2866 561 2925 hostis
581 2865 758 2935 adusserat,
779 2882 814 2923 ex
836 2862 993 2923 commodo
1013 2879 1141 2940 pugnarn
1160 2861 1206 2920 fa-

99 2952 129 3002 30
150 2969 224 3011 cere.
248 2949 367 3010 interim
381 2951 476 3010 Roma
490 2969 543 3028 per
557 2949 668 3009 litteras
684 2948 791 3008 certior
801 2949 834 3006 fit
845 2947 1025 3026 provinciam
1037 2945 1206 3005 Numidiam
1228 2960 1242 3008 2

149 3035 238 3095 llario
255 3033 368 3104 datam,
389 3051 458 3093 nam
473 3034 624 3095 consulem
639 3033 749 3093 factum
766 3040 833 3092 ante
848 3041 1006 3110 acceperat.
1038 3031 1143 3108 quibus
1158 3049 1206 3090 re·
1245 3069 1253 3084 .

150 3119 203 3180 hus
227 3137 315 3196 supra
330 3118 444 3178 bonum
459 3125 511 3178 aut
524 3119 684 3178 honestum
700 3118 866 3196 perculsus,
889 3133 985 3194 neque
1000 3117 1145 3175 lacrumas
1161 3121 1206 3173 te-

149 3223 220 3264 nere
236 3221 331 3280 neque
346 3203 492 3262 moderari
507 3202 645 3280 linguam,
662 3201 706 3261 vir
720 3201 852 3280 egregius
867 3201 903 3260 in
913 3201 976 3260 aliis
991 3199 1102 3259 artibus
1117 3199 1206 3258 nimis

150 3288 278 3348 molliter
298 3287 510 3365 aegritudinem
530 3287 600 3367 pati.
631 3305 720 3366 quam
739 3305 803 3346 rem
818 3285 865 3346 alii
879 3285 910 3344 in
926 3283 1093 3362 superbiam
1108 3290 1206 3341 vorte-
1228 3298 1243 3344 3

218 3525 233 3573 2
252 3525 374 3574 aduersus
387 3522 438 3584 ΡΟ,
451 3523 584 3570 aduersum
597 3519 637 3586 Cp
651 3521 665 3569 h
684 3519 746 3568 belli
758 3519 782 3567 P
793 3515 802 3584 Η
816 3519 829 3566 7
849 3517 901 3566 lllia
913 3517 998 3566 hocchi
1012 3514 1038 3574 C,
1050 3515 1102 3563 lilia
1116 3517 1140 3571 (a
1153 3531 1173 3562 a.
1187 3530 1208 3562 s.

150 3594 181 3656 Ρ)
194 3593 288 3641 boccho
304 3590 352 3655 ΡΟ,
365 3589 464 3641 Nonius
473 3607 501 3655 p.
513 3588 566 3637 353
578 3585 587 3654 ΙΙ
601 3589 614 3636 ‘l
636 3587 748 3636 numidas
761 3603 796 3635 em
808 3585 920 3634 numidos
933 3586 957 3634 Ρ
972 3582 981 3650 ΙΙ
1001 3583 1031 3632 10
1049 3582 1143 3631 nnllam
1156 3583 1208 3644 (aut

151 3661 247 3726 nnllap
260 3662 287 3708 in
298 3658 395 3722 marg.)
413 3687 430 3694 -
447 3657 543 3722 optinet
556 3657 601 3714 (aaa
613 3655 674 3719 obt.)
688 3657 723 3717 P,
736 3654 830 3702 nullam
842 3653 920 3714 (nulla
932 3651 1008 3712 eous)
1021 3650 1145 3698 -obtinet
1163 3649 1211 3711 (cel

152 3728 274 3790 obtinent)
289 3723 329 3792 Cli
344 3727 375 3774 15
385 3731 411 3774 et
424 3740 479 3774 curn
492 3724 549 3774 aliis
562 3725 600 3772 bis
613 3725 666 3772 scri
683 3727 710 3772 ta
722 3722 801 3771 semel
811 3724 940 3786 empuncto
951 3722 978 3768 ia
990 3720 1014 3768 P
1025 3715 1034 3786 1}
1047 3717 1157 3766 lubidine
1171 3715 1210 3781 Ρ1Ι

153 3795 182 3843 11
201 3809 306 3860 persen*
319 3795 349 3854 Ρ,
367 3807 465 3858 persern
478 3793 516 3842 vel
526 3805 617 3856 persen
631 3739 717 3857 lelll
736 3791 785 3839 iter
797 3789 953 3838 constituunt
964 3804 985 3836 s.
999 3803 1019 3834 s.
1033 3789 1059 3835 to
1072 3787 1095 3836 P
1106 3784 1116 3851 ΙΙ
1129 3784 1170 3833 lbi
1183 3801 1205 3849 q.

152 3862 199 3926 (cel
207 3862 317 3928 quintus)
331 3860 356 3924 C,
366 3861 449 3925 ibique
460 3859 504 3909 ΡΟ
514 3858 523 3924 Ι]
537 3859 566 3908 21
582 3873 673 3923 operae
686 3857 793 3924 pretium
806 3857 852 3907 ΡΟ
861 3872 896 3905 eac
908 3855 999 3920 quibus
1010 3870 1077 3904 unus
1087 3869 1136 3902 om.
1150 3866 1208 3917 ope-

152 3943 194 3980 rae
204 3929 213 3996 11
221 3931 274 3979 dux
285 3942 405 3978 romanus
419 3927 477 3990 PC,
495 3928 546 3975 dux
562 3941 610 3976 om.
626 3925 647 3975 Ο
660 3925 714 3992 1113
733 3941 816 3974 moras
830 3923 857 3988 Ο,
871 3939 930 3974 mox
943 3922 988 3972 ΡΟ
1002 3920 1012 3987 11
1026 3921 1057 3969 29
1078 3919 1161 3968 fecere
1174 3934 1208 3966 ea:

152 3996 250 4047 Iaecere
263 3997 287 4046 P
297 3994 307 4061 ΙΙ
321 3997 351 4045 31
372 3993 460 4060 quibus
470 3993 520 4056 ΡΟ,
533 3994 588 4058 quis
602 3991 642 4061 Cll
657 3992 688 4042 32
707 4000 751 4043 ant
764 3993 814 4055 ΡΟ,
827 3999 901 4058 atquc
915 3987 1056 4057 Cltenere
1068 4004 1103 4036 cco
1118 3986 1212 4034 timere

152 4064 192 4132 ΡΗ
203 4066 235 4116 33
253 4065 352 4115 artibus
365 4078 400 4112 em
412 4062 517 4112 artubus
530 4061 554 4110 P
565 4058 575 4128 ΙΙ
588 4062 620 4110 34
638 4061 735 4110 mollite
748 4062 771 4110 Ρ

249 4285 257 4316 l
