2854 4678
214 379 274 439 100
580 372 608 424 C.
621 370 781 423 sannusrl
800 369 901 422 cnlsrl

211 535 325 591 tentare
346 545 416 588 suos
435 535 465 588 ct
484 545 577 606 prope
588 527 647 587 iam
659 527 795 605 adeptam
805 524 956 585 victoriam
967 524 1094 585 retinere
1106 525 1196 603 cupit,
1213 523 1273 584 cir-

211 617 385 675 cumventus
409 611 446 671 ab
464 611 613 690 equitibus
633 611 735 671 dextra
754 609 872 670 sinistra
893 608 1030 669 omnibus
1051 609 1168 681 occisis,
1190 607 1272 668 solus

159 710 191 762 ιθ
211 697 288 758 inter
301 695 358 756 tela
372 695 504 756 hostium
519 694 694 759 vitabundus
709 694 846 773 erumpit.
874 700 962 772 atque
973 693 1092 754 interim
1102 692 1209 754 Marius
1220 692 1271 753 fu-

211 780 285 862 gatis
296 779 444 859 equitibus
455 779 584 840 adcurrit
595 779 700 839 auxilio
712 779 783 851 suis,
795 796 870 856 quos
881 777 949 858 pelli
960 777 1019 837 iam
1030 784 1190 856 acceperat.
1217 777 1271 837 de-

160 878 189 931 11
212 865 301 943 nique
312 865 413 924 hostes
424 864 483 924 iam
494 863 625 942 undique
635 862 771 924 fusitum
782 862 982 941 spectaculum
993 861 1133 922 horribile
1143 862 1175 920 in
1188 879 1271 922 cam-
1295 876 1311 924 5

211 949 257 1028 pis
272 947 453 1028 patentibus:
471 947 555 1026 sequi
565 947 665 1026 lugere
677 946 770 1008 occidi
781 945 854 1024 capi,
866 945 935 1024 equi
945 951 1033 1024 atque
1043 945 1097 1006 viri
1108 945 1224 1018 addicti,
1238 964 1273 1006 ac

212 1032 298 1094 multi
311 1031 478 1094 volneribus
493 1032 620 1110 acceptis
634 1048 731 1108 neque
742 1030 843 1110 fugere
854 1047 941 1108 posse
952 1047 1049 1108 neque
1060 1030 1189 1108 quietem
1200 1030 1272 1108 pati,

211 1117 265 1178 uiti
278 1118 368 1178 modo
384 1115 531 1176 aestatim
546 1115 714 1187 concidere,
735 1120 886 1192 postremo
902 1113 1015 1186 omnia,
1034 1132 1092 1192 qua
1106 1113 1186 1174 visus
1197 1120 1272 1184 erat,

212 1208 360 1262 constrata
379 1199 444 1260 telis
466 1199 555 1260 armis
571 1198 759 1260 cadaveribus
774 1206 803 1260 et
817 1197 894 1258 inter
908 1216 942 1258 ea
955 1198 1066 1259 humus
1081 1198 1188 1259 iniecta
1202 1213 1273 1260 san-

147 1325 149 1328 -
252 1285 259 1297 “
282 1303 308 1344 e.
1299 1293 1331 1342 10

141 1302 282 1430 102811111
296 1369 369 1428 Post
388 1387 422 1428 ea
441 1366 498 1428 loci
517 1365 621 1427 consul
639 1365 718 1426 haud
737 1365 824 1426 dubie
845 1365 904 1425 iam
918 1365 1011 1426 victor
1023 1366 1156 1445 pervenit
1170 1366 1201 1426 in
1216 1385 1273 1445 op-

175 1459 191 1510 2
211 1451 314 1532 pidum
335 1451 458 1522 Cirtam,
486 1469 545 1530 quo
566 1449 650 1510 initio
672 1449 822 1529 profectus
841 1449 1016 1510 intenderat.
1051 1469 1086 1510 eo
1106 1457 1175 1528 post
1193 1449 1274 1510 diem

212 1535 350 1616 quintum
365 1554 455 1615 quam
470 1534 579 1596 iterum
593 1534 710 1596 barbari
724 1534 800 1595 male
816 1542 1015 1613 pugnaverant
1031 1534 1116 1614 legati
1126 1553 1143 1594 a
1155 1535 1273 1596 Boccho

211 1619 346 1692 veniunt,
369 1619 417 1699 qui
438 1619 515 1698 regis
530 1619 625 1680 verbis
641 1619 676 1680 ab
690 1619 781 1680 Mario
796 1619 939 1698 petivere,
955 1618 1035 1680 duos
1051 1636 1139 1697 quam
1155 1619 1276 1680 fidissu-

211 1723 278 1766 mos
293 1704 330 1765 ad
345 1723 414 1765 eum
429 1704 570 1776 mitteret,
585 1703 656 1764 velle
672 1704 707 1764 de
722 1721 754 1763 se
769 1703 848 1762 etde
864 1702 965 1781 populi
976 1703 1102 1764 Romani
1113 1703 1274 1764 commodo
1300 1715 1331 1766 15

212 1807 280 1850 cum
296 1789 338 1850 eis
353 1789 507 1850 disserere.
532 1787 579 1848 ille
595 1789 695 1848 statim
707 1787 739 1846 L.
752 1785 864 1847 Sullam
879 1793 911 1848 et
920 1785 954 1846 Α.
967 1785 1108 1848 Manlium
1122 1787 1164 1847 ire
1179 1788 1274 1848 iubet.

176 1882 191 1932 3
213 1875 262 1952 qui
277 1891 458 1953 quamquam
473 1872 557 1933 acciti
572 1871 667 1944 ibant,
682 1879 783 1932 tamen
797 1871 906 1950 placuit
920 1871 1007 1932 verba
1021 1871 1098 1950 apud
1109 1889 1212 1951 regem
1226 1872 1276 1933 fa-

212 1975 289 2030 cere,
304 1957 348 2018 uti
363 1957 515 2036 ingenium
529 1963 580 2016 aut
594 1975 731 2016 avorsum
746 1957 898 2016 flecterent
911 1961 962 2016 aut
977 1956 1117 2034 cupidum
1128 1957 1206 2034 pacis
1221 1974 1276 2016 ve-

174 2049 191 2100 4
211 2040 379 2102 hamentius
395 2041 596 2102 accenderent.
622 2041 721 2118 itaque
734 2040 823 2112 Sulla,
840 2039 922 2100 cuius
933 2039 1096 2113 facundiae,
1110 2058 1173 2100 non
1184 2041 1277 2101 aetati

212 2144 229 2186 a
243 2125 349 2187 Manlio
364 2143 547 2197 concessum,
562 2143 655 2203 pauca
669 2124 756 2185 verba
769 2123 975 2188 huiuscemodi
990 2124 1116 2185 locutus.
1299 2135 1333 2186 ru

176 2220 191 2268 5
293 2201 373 2270 ‘Rex
388 2209 516 2282 Bocche,
529 2226 634 2287 magna
647 2209 757 2270 laetitia
771 2209 857 2270 nobis
872 2216 927 2281 est,
944 2227 1013 2269 cum
1027 2216 1057 2269 te
1071 2209 1161 2270 talem
1176 2209 1276 2270 virum

213 2293 243 2354 di
261 2311 417 2365 monuere,
438 2293 482 2354 uti
502 2293 656 2371 aliquando
676 2311 779 2372 pacem
800 2311 889 2372 quam
904 2293 1014 2354 bellum
1029 2294 1146 2366 malles,
1169 2299 1275 2354 naute

213 2383 370 2456 optumum
385 2395 453 2438 cum
468 2395 608 2456 pessumo
625 2379 759 2439 omnium
771 2377 911 2456 iugurtha
922 2378 1073 2438 miscendo
1086 2378 1276 2440 conmacula-

212 2479 271 2534 res,
286 2461 376 2522 simul
390 2462 476 2522 nobis
491 2461 625 2523 demeres
640 2463 776 2524 acerbam
790 2462 1047 2534 necessitudinem,
1064 2463 1173 2541 pariter
1183 2469 1213 2524 te
1225 2481 1274 2523 er-

176 2553 328 2608 drantem
355 2552 442 2626 atque
461 2547 544 2606 illum
564 2547 832 2608 sceleratissumum
851 2547 997 2626 persequi.
1032 2547 1069 2608 ad
1088 2547 1145 2607 hoc
1163 2549 1275 2626 populo
1299 2561 1332 2611 25

213 2631 347 2692 Romano
366 2631 425 2692 iam
445 2649 461 2690 a
478 2631 621 2710 principio
637 2631 734 2711 [inopi]
749 2631 855 2692 melius
869 2631 965 2692 visum
980 2631 1090 2692 amicos
1105 2649 1194 2710 quarn
1209 2649 1275 2693 ser·

213 2733 265 2776 vos
281 2733 436 2794 quaerere,
451 2715 604 2794 tutiusque
618 2716 675 2776 rati
689 2716 853 2776 volentibus
869 2735 957 2794 quam
973 2716 1080 2776 coactis
1095 2716 1274 2794 imperitare.

179 2810 194 2859 7
214 2799 269 2860 tihi
283 2817 352 2860 vero
367 2799 448 2859 nulla
463 2799 658 2878 opportunior
671 2807 772 2860 nostra
786 2799 926 2872 amicitia,
943 2801 1073 2878 primum
1088 2801 1156 2878 quia
1171 2801 1276 2879 procul

214 2883 364 2954 absumus,
381 2883 486 2960 inquo
502 2885 630 2944 offensae
644 2883 823 2955 minumum,
839 2883 930 2962 gratia
940 2902 993 2962 par
1004 2901 1038 2944 ac
1048 2885 1073 2943 si
1083 2903 1176 2963 prope
1188 2885 1274 2945 ades·

214 2985 329 3040 semus,
346 2966 413 3026 dein
425 2967 492 3044 quia
503 2967 631 3044 parentis
643 2967 757 3028 abunde
770 2969 920 3039 habemus,
933 2969 1097 3030 amicorum
1109 2985 1206 3048 neque
1216 2987 1273 3030 no·
1299 2983 1333 3032 30

178 3062 194 3112 8
214 3049 258 3109 bis
272 3067 368 3128 neque
383 3049 521 3128 cuiquam
536 3050 670 3110 omnium
685 3051 756 3112 satis
770 3051 836 3112 fuit.
862 3060 949 3131 atque
965 3052 1022 3113 hoc
1036 3053 1150 3113 utinam
1162 3072 1178 3114 a
1189 3053 1275 3132 prin-

281 3266 297 3315 9
319 3263 427 3318 infectns
448 3270 472 3320 P
492 3266 552 3336 1113
574 3277 729 3336 pugnauerat
749 3271 774 3320 le
791 3271 828 3320 ati
847 3270 941 3322 boccho
959 3273 983 3322 P
1001 3269 1011 3340 ΙΙ
1038 3272 1067 3323 15
1094 3273 1274 3323 adefimitteret

212 3351 248 3385 aa:
259 3333 348 3384 adeum
363 3354 390 3384 *s
406 3343 463 3387 crat
481 3337 581 3403 (saitae
598 3338 680 3387 inerat
692 3339 717 3402 l)
736 3337 760 3387 P
774 3287 790 3406 ᾗ
810 3353 838 3388 se
852 3339 883 3402 0,
895 3355 941 3390 sno
954 3339 1001 3390 PC
1015 3338 1025 3408 ΙΙ
1044 3341 1075 3390 18
1093 3341 1131 3389 uti
1149 3341 1275 3404 ingenium

213 3408 257 3451 ant
269 3417 387 3454 auorsum
398 3421 413 3454 a
426 3403 483 3466 (aed
492 3408 605 3472 optimas
617 3405 742 3470 ingenium
754 3413 798 3456 aut
809 3413 837 3456 nt
848 3409 984 3471 auersum),
997 3408 1035 3458 nti
1047 3423 1097 3458 om.
1109 3407 1174 3476 ΡΟΙΙ
1187 3409 1274 3474 paqcis

213 3469 237 3519 P
248 3465 258 3534 ll
273 3470 303 3520 19
314 3477 385 3521 tutus
395 3469 512 3522 facundia
524 3474 547 3523 P
558 3471 568 3540 ll
581 3473 610 3522 21
625 3474 725 3524 laetitia
737 3473 807 3523 nobis
817 3474 895 3537 PVC,
908 3475 979 3526 nobis
991 3475 1090 3526 laetitia
1102 3473 1124 3525 0
1134 3473 1143 3542 ΙΙ
1155 3489 1212 3524 aum
1221 3475 1273 3539 PC,

212 3537 278 3601 quod
290 3537 320 3588 V
329 3536 339 3604 ΙΙ
352 3539 384 3588 22
401 3541 439 3589 nti
451 3539 505 3602 PG,
517 3548 546 3590 ut
559 3541 588 3592 V
587 3539 608 3590 0
617 3538 627 3606 ss
644 3541 676 3591 23
695 3541 801 3608 pessime
813 3543 837 3592 P
853 3539 863 3608 ΙΙ
880 3542 913 3594 24
931 3543 1044 3593 demeres
1062 3541 1147 3609 We,
1163 3557 1273 3608 quarum

213 3604 311 3668 singola
322 3605 450 3670 dempsere
463 3607 503 3656 ael
513 3607 656 3674 dempserat
669 3605 679 3675 ΙΙ
692 3609 723 3658 ld
743 3617 818 3675 atque
831 3609 909 3672 PVC,
921 3617 947 3660 et
961 3609 1002 3677 Cli
1019 3611 1051 3660 ad
1063 3646 1275 3662 ...........

213 3669 302 3720 melius
319 3673 467 3738 (perierunt
482 3675 597 3725 abscissa
612 3677 763 3726 membrana
779 3676 882 3727 litterae
897 3677 933 3726 23
949 3677 985 3728 ad
994 3677 1043 3742 29)
1057 3679 1092 3741 P,
1109 3681 1136 3728 ia
1153 3681 1274 3744 nmrgirte

213 3735 281 3814 inopi
289 3739 398 3816 ptquod
406 3756 423 3789 a
435 3743 459 3792 P
468 3757 502 3792 aa
513 3745 569 3793 scri
584 3746 640 3792 tam
655 3745 741 3808 fuerit
756 3748 884 3796 decertum
900 3749 964 3808 eet),
981 3746 1013 3795 ad
1024 3746 1072 3794 lroc
1084 3746 1176 3811 populo
1189 3762 1210 3794 r.
1224 3745 1275 3794 ium

213 3816 363 3868 aprmcrpro
376 3807 416 3855 ino
434 3808 544 3858 imelius
587 3809 617 3874 θ,
631 3826 740 3874 quarum
755 3811 897 3862 deteriores
914 3827 964 3862 am.
981 3812 1049 3878 inopi
1067 3815 1110 3874 (at
1126 3829 1162 3862 ecc
1176 3829 1192 3862 a
1208 3815 1274 3876 opti·

212 3873 296 3950 mas),
302 3871 370 3950 inopi
382 3822 474 3924 daiam
484 3875 607 3938 Hrttaiuc,
620 3877 701 3942 inpari
712 3881 819 3929 conmcit
831 3877 970 3946 Selliagtus
981 3877 992 3948 ss
1005 3880 1037 3930 27
1047 3886 1087 3929 tut
1101 3915 1272 3931 .........

214 3939 322 4001 coact1b3
340 3941 485 4006 imperitare
502 3943 510 4004 (
514 3946 651 4008 perierant
667 3945 768 3996 litterae
786 3944 882 3996 20-23
898 3946 946 3998 sed
960 3952 990 3998 ut
1006 3964 1021 4014 q
1038 3943 1140 3997 litterae
1161 3947 1278 3998 vocabule*

213 4019 285 4070 quam
296 4006 410 4070 inferior
418 4023 482 4074 para
494 4013 649 4077 compareat)
662 4013 686 4062 P
697 4011 707 4080 i
720 4014 752 4064 28
770 4013 843 4063 amici
856 4051 1006 4066 ........
1018 4031 1059 4065 um
1072 4015 1130 4081 quia
1141 4019 1167 4065 et
1181 4015 1214 4065 29
1228 4016 1275 4066 ade

214 4107 220 4120 .
236 4109 241 4120 .
256 4110 261 4123 .
274 4088 329 4124 mus
341 4075 365 4124 P
375 4075 463 4127 eodem
473 4077 580 4144 desecta
590 4094 698 4130 mancas
710 4078 720 4149 ΙΙ
733 4081 764 4132 31
784 4096 860 4132 eom.
875 4081 904 4132 V
