2846 4682
425 403 435 426 Ι
477 337 519 388 on
536 335 643 386 nunno
661 333 864 388 ruounrrrmo
1159 340 1193 398 lt

140 491 235 553 cendi.
270 489 382 552 scilieet
400 508 461 552 non
482 509 579 552 ceram
599 489 680 551 illam
699 507 796 569 neque
810 490 938 568 figuram
958 496 1071 550 tantam
1091 483 1150 550 vim
1170 489 1237 550 int

140 595 206 637 sese
222 575 345 648 habere,
367 575 419 636 sed
434 575 578 636 memoria
592 593 692 636 rerum
708 583 856 653 gestarum
871 593 936 635 eam
952 575 1102 636 flammam
1117 592 1200 654 egre·

139 661 195 740 giis
220 659 291 721 viris
315 659 346 720 in
370 668 489 738 pectore
509 678 640 721 creseere
660 678 757 739 neque
776 659 858 738 prius
872 659 976 731 sedari,
1000 678 1089 738 quam
1109 661 1200 720 virtus

141 763 248 806 eorum
273 745 384 806 famam
404 751 492 824 atque
511 744 634 824 gloriam
654 743 867 824 adaequaverit.
898 751 1049 805 utcontra
1069 744 1135 824 quis
1155 751 1201 804 est
1222 755 1236 802 t

104 843 119 892 t
141 829 277 891 onmium
298 829 340 890 eis
360 829 506 900 moribus,
527 830 599 908 quin
613 828 719 889 divitiis
733 837 764 889 et
778 828 959 908 sumptibus,
979 845 1040 888 non
1055 829 1200 908 probitate

140 933 239 992 neque
258 913 402 975 industria
418 932 486 974 cum
501 913 662 974 maioribus
676 914 738 975 suis
754 909 934 974 contendat?
962 913 1050 974 etiam
1065 914 1201 974 homines

140 999 224 1068 novi,
246 999 297 1077 qui
311 1005 397 1060 antea
411 1017 465 1077 per
479 999 619 1060 virtutem
634 998 712 1058 soliti
726 1006 810 1059 erant
824 997 1007 1059 nobilitatem
1022 998 1199 1071 antevenire,

140 1083 245 1144 iurtim
264 1091 296 1143 et
314 1101 367 1163 per
388 1081 539 1146 latrocinia
559 1083 658 1162 potius
678 1102 768 1162 quam
787 1083 872 1143 bonis
892 1083 1003 1144 artibus
1022 1081 1059 1143 ad
1078 1083 1200 1162 imperia

140 1175 171 1228 et
186 1169 314 1228 honores
328 1168 477 1228 nituntur:
497 1167 620 1247 proinde
637 1167 720 1247 quasi
734 1176 871 1247 praetura
885 1174 914 1227 et
929 1167 1097 1228 consulatus
1112 1175 1206 1246 atque
1221 1177 1236 1226 8

89 1262 120 1311 tn
140 1253 195 1312 alia
216 1252 316 1313 omnia
334 1252 539 1314 huiuscemodi
557 1271 610 1332 per
630 1271 661 1312 se
682 1253 744 1330 ipsa
766 1254 842 1314 clara
857 1259 887 1312 et
901 1252 1063 1331 magnulica
1078 1252 1151 1324 sint,
1167 1271 1201 1313 ae

139 1355 202 1398 non
225 1337 344 1415 perinde
364 1337 539 1408 habeantur,
560 1343 594 1418 ut
613 1355 716 1398 eorum
738 1337 788 1415 qui
810 1355 844 1396 ea
865 1337 1013 1397 sustinent
1031 1337 1124 1398 virtus
1144 1345 1199 1398 est.

140 1439 243 1483 verum
263 1440 317 1500 ego
331 1421 450 1482 liberius
465 1421 612 1501 altiusque
626 1421 770 1499 processi,
793 1421 864 1481 dum
879 1440 927 1481 me
943 1421 1066 1483 civitatis
1080 1440 1199 1482 morum
1221 1432 1242 1481 9·

139 1505 220 1585 piget
233 1506 398 1586 taedetque.
426 1505 556 1568 nuncad
571 1505 721 1586 inceptum
735 1506 833 1567 redeo.

225 1589 339 1651 uenum
359 1591 522 1670 scripturus
542 1609 624 1657 sum.
646 1589 725 1670 quod
744 1591 871 1669 populus
889 1590 1041 1651 Romanus
1061 1609 1129 1652 cum
1149 1591 1199 1652 lu·
1220 1595 1241 1651 d

87 1685 118 1735 15
140 1675 247 1754 gurtha
267 1693 335 1754 rege
350 1675 543 1736 Numidarum
565 1675 668 1756 gessit,
690 1674 820 1754 primum
835 1675 902 1754 quia
917 1693 1057 1754 magnum
1073 1683 1103 1735 et
1116 1682 1199 1742 atrox

139 1759 277 1838 variaque
290 1759 409 1820 victoria
419 1759 485 1832 fuit,
498 1759 605 1820 debinc
616 1760 684 1838 quia
698 1767 770 1820 tunc
783 1759 913 1839 primurn
928 1759 1081 1838 superbiae
1092 1759 1198 1820 nobili-

138 1843 208 1904 tatis
229 1843 345 1904 obviam
360 1844 437 1906 itum
451 1853 506 1906 est.
537 1863 611 1924 quaa
627 1843 778 1905 contentio
794 1843 890 1904 divina
905 1850 935 1904 et
949 1844 1078 1904 humana
1093 1850 1198 1905 cuncta
1219 1859 1234 1910 t

137 1928 310 2008 permiscuit
325 1947 420 2008 eoque
436 1929 586 1990 vecordiae
601 1929 758 2008 prooessit,
774 1935 809 1988 ut
823 1927 928 1988 studiis
943 1927 1075 1989 civilibus
1089 1927 1199 1989 bellum

137 2019 226 2093 atque
241 2013 360 2074 vastitas
377 2013 475 2074 ltaliae
491 2013 581 2075 finem
595 2013 713 2074 laceret.
741 2013 792 2073 sed
807 2012 978 2092 prinsquam
994 2013 1199 2074 huiuscemodi
1220 2024 1235 2074 3

83 2107 116 2160 20
136 2097 182 2158 rei
195 2097 313 2158 initium
324 2098 447 2176 expedio
458 2116 550 2178 pauca
561 2116 650 2178 supra
660 2105 807 2178 repetam,
822 2116 886 2176 -quo
905 2099 941 2158 ad
958 2098 1199 2177 cognoscundum

138 2182 239 2243 omnia
254 2182 388 2243 inlustria
403 2181 495 2261 magis
510 2183 661 2263 magisque
677 2183 708 2242 in
723 2193 824 2262 aperto
838 2181 906 2242 sint.

223 2266 303 2327 llello
320 2267 431 2328 Punico
446 2268 586 2338 secundo,
603 2285 661 2346 quo
676 2267 735 2327 dux
750 2266 1033 2345 Carthaginiensium
1050 2266 1195 2328 Hannibal
1215 2282 1231 2332 4

136 2357 204 2430 post
219 2351 451 2430 magnitudinem
472 2351 600 2412 nominis
614 2351 740 2412 Romani
754 2351 853 2412 ltaliae
868 2370 939 2431 opes
954 2369 1091 2413 maxume
1109 2351 1199 2412 adtri-
1282 2355 1286 2368 '⁴

137 2435 232 2506 verat,
248 2435 398 2497 Masinissa
412 2453 464 2497 rer
478 2435 673 2497 Numidarum
687 2436 719 2496 in
733 2435 890 2497 amicitiam
905 2443 1041 2514 receptus
1057 2457 1073 2496 a
1088 2435 1120 2496 Ρ.
1135 2437 1199 2496 Sci-

83 2531 115 2580 25
136 2519 241 2600 piane,
263 2521 310 2582 oui
332 2527 435 2599 postea
449 2521 586 2582 Africano
606 2537 771 2600 cognomen
791 2540 827 2581 ex
847 2521 955 2580 virtute
970 2520 1040 2591 luit,
1063 2519 1155 2580 multa
1170 2527 1200 2580 et

136 2607 285 2684 praeclara
303 2605 347 2665 rei
362 2605 497 2666 militaris
516 2605 645 2667 facinora
660 2606 793 2666 fecerat·
807 2603 845 2664 ob
861 2623 935 2682 quae
951 2604 1034 2665 victis
1049 2604 1205 2682 Carthagi·-

135 2689 289 2750 niensibus
304 2697 335 2750 et
356 2697 442 2768 capto
459 2691 605 2770 Syphace,
629 2689 712 2750 ouius
727 2689 758 2748 in
773 2688 868 2748 Africa
883 2707 1023 2768 nragnum
1038 2696 1126 2767 atque
1142 2689 1198 2748 late

135 2774 297 2853 imperium
318 2773 420 2846 valuit,
445 2775 571 2854 populns
586 2775 737 2834 Romanus
758 2791 959 2852 quascumque
973 2772 1054 2832 urbis
1069 2776 1100 2832 et
1114 2791 1199 2851 agros

136 2876 228 2920 manu
249 2866 380 2937 ceperat,
400 2859 460 2938 regi
480 2859 559 2920 dono
575 2858 663 2919 dedit.
694 2859 783 2937 igitur
797 2857 924 2918 amicitia
938 2856 1105 2918 Masinissae
1121 2857 1199 2918 bona
1219 2865 1234 2914 a

81 2956 116 3006 ³0
137 2951 226 3021 atque
247 2944 371 3004 honesta
391 2943 477 3004 nobis
497 2943 668 3023 permansit.
699 2943 750 3004 sed
773 2941 878 3021 imperi
899 2942 1031 3021 vitaeque
1049 2943 1113 3004 eius
1133 2942 1198 3004 finis

136 3027 215 3088 idem
231 3027 297 3088 luit.
320 3027 387 3088 dein
398 3027 516 3108 Micipsa
532 3029 608 3089 lilius
622 3045 748 3107 regnum
763 3029 843 3088 solus
859 3027 993 3099 obtinuit,
1005 3027 1198 3089 Mastanabale
1220 3043 1236 3094 o

138 3118 168 3172 et
179 3111 305 3173 Gulussa
315 3112 455 3174 tratribus
471 3113 576 3174 morbo
589 3113 761 3191 absumptis.
792 3112 817 3172 is
828 3111 1021 3174 Adherbalem
1038 3113 1198 3192 etlliemp-
1221 3127 1235 3175 t

135 3196 228 3256 salem
249 3216 284 3258 ex
303 3216 368 3258 sese
387 3196 488 3277 genuit
506 3197 737 3276 Iugurthamque
759 3196 851 3257 lilium
867 3196 1070 3259 Mastanabalis
1089 3195 1196 3268 fratris,
1306 3251 1309 3256 .

137 3299 227 3359 quem
242 3281 407 3354 Masinissa,
429 3282 508 3361 quod
530 3293 612 3343 ortus
627 3301 663 3342 ex
678 3281 839 3343 concubina
855 3289 932 3351 erat,
951 3281 1097 3360 privatum
1113 3281 1197 3339 dere·

82 3385 113 3436 35
134 3365 270 3444 liquerat,
285 3365 391 3427 eodem
405 3367 486 3427 cultu
501 3385 560 3446 quo
574 3366 681 3427 liberos
695 3385 764 3426 suos
779 3365 861 3426 dorni
874 3365 986 3424 habuit.
1196 3370 1201 3379 “

221 3449 279 3522 Qui
294 3450 343 3510 ubi
359 3451 489 3530 primum
504 3451 648 3522 adolevit,
668 3451 781 3528 pollens
797 3449 907 3509 viribus
928 3449 1034 3509 decora
1053 3447 1126 3508 facie
1145 3447 1198 3510 sed
1216 3443 1218 3463 ¹

136 3535 231 3595 multo
260 3553 397 3595 maxume
422 3535 538 3615 ingenio
565 3535 691 3607 validm,
718 3552 779 3594 non
805 3552 837 3593 se
861 3533 931 3596 luxu
956 3551 1052 3612 neque
1078 3531 1199 3596 inertiae
1282 3564 1284 3567 ·

204 3670 221 3720 4
240 3669 421 3736 adaequauerit
439 3669 494 3736 PC,
506 3671 656 3736 adaequarit
670 3667 709 3737 011
723 3670 738 3719 6
757 3669 905 3720 contendaet
922 3670 947 3724 tn
959 3671 1038 3726 erunt
1048 3671 1072 3721 P
1084 3665 1122 3736 19
1140 3685 1199 3736 pro·

137 3738 193 3788 inde
207 3737 234 3799 C,
246 3738 350 3804 perinde
362 3735 428 3804 Pul
443 3738 470 3788 ll
492 3739 533 3804 qui
546 3754 575 3789 ea
587 3755 623 3788 ee
634 3737 692 3804 quia
704 3738 728 3788 P
740 3735 749 3800 11
767 3741 795 3785 to
814 3737 902 3787 debinc
914 3736 967 3800 PC,
984 3737 1041 3788 dein
1054 3735 1116 3807 ρθ1
1129 3738 1199 3788 nobi·

136 3805 216 3857 litatis
229 3808 257 3856 in
267 3821 354 3872 marg.
367 3804 449 3872 Ρ111
464 3805 563 3856 obuiam
574 3807 636 3856 itmn
648 3821 683 3856 era
695 3805 823 3856 obuiatom
833 3806 857 3856 P
868 3806 877 3873 11
891 3805 923 3854 20
942 3805 1045 3872 expedio
1058 3807 1110 3868 PC,
1122 3821 1199 3870 erpe-

135 3872 200 3925 diam
214 3871 255 3938 01
269 3873 302 3922 26
320 3873 562 3937 carthaginiensibus
574 3890 610 3924 aaa
621 3873 830 3936 carthaginiensis
846 3871 938 3941 Ρ127
958 3873 1036 3924 siluae
1047 3890 1083 3923 aa:
1101 3871 1202 3922 siluole«

135 3941 179 4006 Ρ1
192 3943 224 3990 32
241 3940 347 4004 gulussa
362 3957 399 3991 ea·
416 3941 521 4004 gnlussu
533 3943 557 3992 P
568 3941 578 4008 1
590 3941 735 3992 hiemsalem
747 3942 771 3991 P
782 3941 792 4002 1
805 3941 837 3991 31
855 3943 945 3991 hortus
963 3957 997 3990 aaa
1014 3947 1096 3990 ortum
1109 3939 1154 4004 Ρ1
1166 3938 1198 3988 37

136 4007 236 4126 llp’nqg,
248 4007 348 4058 Fronto
357 4025 385 4075 p.
399 4007 574 4060 launomari.
584 4025 612 4076 p.
620 4009 680 4072 341,
694 4007 765 4059 luxui
774 4009 825 4075 PC,
837 4008 954 4059 luxuriae
966 4007 1079 4058 Maerob.
1098 4005 1129 4056 da
1141 4005 1198 4073 deff,

167 4113 177 4142 -r
