2846 4682
235 357 275 418 24
604 355 630 406 u
644 353 801 407 sannusrr
820 353 921 406 cursu
975 429 980 444 υ

172 511 214 571 45
235 510 301 589 pius
316 509 466 570 adsedere.
489 509 534 570 his
549 509 637 570 rebus
652 509 691 570 ita
706 509 785 583 actis,
801 509 959 570 constituta
974 517 1059 570 nocte
1080 529 1137 588 qua
1156 509 1288 590 proficis-

235 603 384 668 cerentur,
407 594 507 656 Cicero
522 595 697 674 perlegales
713 595 818 656 cuncta
832 594 953 656 edoctus
968 594 1000 654 L.
1016 594 1127 656 Valerio
1142 595 1245 656 Flacco
1261 603 1290 656 et

235 681 266 742 C.
282 679 440 760 Pomptino
455 679 639 760 praetoribus
654 681 778 758 imperat
792 687 826 742 ut
838 679 869 740 in
883 687 974 760 ponte
984 679 1090 742 Mulvio
1107 699 1160 761 per
1170 679 1289 740 insidias

233 765 422 844 Allobrogum
436 765 592 826 comitatus
607 765 836 844 deprehendant.
865 783 929 826 rem
945 783 1064 826 omnem
1079 765 1184 845 aperit,
1206 765 1291 828 cuius
1325 815 1327 818 .

235 851 326 930 gratia
337 851 538 922 mittebantur,
555 857 660 922 cetera,
675 851 719 910 uti
732 851 810 910 lacto
825 869 898 930 opus
912 850 964 922 sit,
985 851 1026 911 ita
1037 858 1122 930 agant
1135 850 1288 930 permittit.
1312 860 1329 909 5

198 945 214 995 2
235 935 290 1008 illi,
312 935 446 996 homines
462 936 616 1008 mihtareS,
632 937 695 995 sine
711 935 841 996 tumultu
855 935 1004 1014 praesidiis
1019 936 1189 1008 conlocatis,
1206 937 1292 996 sicuti

199 1028 214 1077 3
235 1030 422 1100 praeceptum
442 1029 512 1094 erat,
530 1019 642 1082 occulte
656 1027 780 1099 pontem
796 1020 942 1080 obsidunt.
972 1029 1130 1100 postquam
1145 1021 1181 1082 ad
1192 1021 1222 1080 id
1234 1021 1291 1082 loci

235 1106 322 1186 legati
336 1125 405 1166 oum
419 1107 565 1167 Volturcio
580 1113 724 1166 venerunt
738 1113 768 1166 et
783 1105 870 1166 simul
884 1105 1034 1184 utrimque
1050 1107 1159 1167 clamor
1170 1117 1291 1166 exortus

235 1199 290 1262 est,
306 1191 378 1251 Gabi
393 1191 450 1251 cito
466 1191 582 1270 cognito
598 1191 718 1250 consilio
738 1191 800 1250 siue
811 1209 894 1250 mora
910 1191 1093 1270 praetoribus
1109 1209 1141 1251 se
1159 1191 1289 1256 tradunt.

196 1285 215 1336 4
234 1277 401 1336 Volturcius
419 1276 514 1354 primo
535 1277 705 1336 cohortatus
719 1283 833 1358 ceteros
846 1276 940 1355 gladio
956 1295 987 1336 se
1003 1296 1019 1336 a
1034 1276 1223 1338 multitudine
1238 1276 1290 1336 de·
1316 1283 1348 1332 10

235 1361 343 1432 tendit,
366 1360 470 1420 deinde
491 1361 542 1421 ubi
562 1381 578 1421 a
600 1361 700 1440 legatis
716 1361 849 1425 desertus
869 1361 1035 1432 est,multa
1049 1363 1130 1441 prius
1146 1361 1182 1422 de
1197 1361 1291 1424 salute
1359 1397 1362 1407 ·

236 1464 289 1506 sua
302 1445 495 1526 Pomptinum
510 1445 685 1518 obtestatus,
708 1446 786 1524 quod
801 1446 828 1506 ei
843 1453 931 1506 notus
946 1453 1022 1518 erat,
1043 1454 1194 1526 postremo
1209 1447 1291 1508 timi-

236 1531 291 1592 dus
306 1549 340 1591 ac
353 1531 427 1590 ritae
443 1531 576 1591 diflidens
592 1533 670 1592 velut
685 1530 819 1594 hostibus
833 1550 898 1592 sese
912 1531 1095 1610 praetoribus
1110 1532 1199 1594 dedit.

84 1639 87 1662 ι
174 1615 216 1676 dh
322 1614 435 1688 Quibus
454 1616 542 1676 rebus
557 1615 697 1676 confectis
712 1616 810 1678 omnia
830 1633 954 1696 propere
976 1635 1029 1696 per
1044 1617 1162 1678 nuntios
1178 1616 1292 1678 consuli

199 1708 215 1758 2
237 1700 428 1762 declarantur.
455 1700 577 1761 atilium
589 1701 691 1780 ingens
703 1719 772 1761 eura
783 1708 871 1780 atque
884 1701 992 1762 laetitia
1002 1703 1091 1762 simul
1103 1721 1291 1782 occupavere.
1315 1709 1348 1760 15

236 1803 305 1846 nam
320 1785 481 1846 laetabatur
495 1786 665 1866 intellegens
680 1786 878 1847 coniuratione
894 1787 1036 1866 patefacta
1051 1788 1197 1849 civitatem
1211 1788 1292 1867 peri-

237 1871 308 1931 culis
328 1879 460 1955 ereptant
475 1891 553 1944 esse,
575 1891 664 1952 porro
679 1879 777 1932 autem
797 1871 899 1932 anxius
919 1880 996 1944 erat,
1017 1873 1153 1934 dubitans
1174 1873 1206 1933 in
1226 1891 1292 1933 ma·

236 1975 327 2016 xumo
347 1956 455 2016 scelere
478 1957 567 2018 tantis
591 1957 700 2018 civibus
721 1957 910 2038 deprehensis
929 1957 999 2038 quid
1014 1958 1091 2020 lacto
1107 1977 1181 2036 opus
1197 1965 1289 2018 esset:

236 2059 362 2119 poenam
379 2041 498 2108 illorum
511 2043 566 2102 sibi
581 2043 677 2114 oneri,
698 2042 905 2122 impunitatem
919 2044 1087 2122 perdundae
1102 2043 1144 2102 rei
1159 2043 1291 2121 publicae

200 2131 216 2181 3
236 2126 300 2186 fore
314 2126 457 2186 credebat.
481 2126 569 2206 igitur
583 2128 754 2188 confirmato
770 2129 868 2188 animo
884 2129 980 2189 vocari
994 2129 1030 2188 ad
1044 2147 1109 2188 sese
1121 2128 1202 2188 iubet
1213 2127 1291 2187 Len·
1313 2132 1347 2182 20

236 2210 333 2270 tulum
354 2211 514 2290 Cethegum
534 2211 681 2272 Statibum
701 2211 856 2272 Gabinium
876 2213 1007 2292 itemque
1028 2212 1200 2294 Caeparium
1219 2212 1294 2272 Ter-

236 2295 435 2367 racinensem,
457 2296 507 2374 qui
521 2296 553 2356 in
567 2297 699 2374 Apuliam
715 2297 749 2356 ad
767 2297 936 2358 concitanda
951 2297 1066 2358 servitia
1081 2297 1225 2376 proficisci
1239 2316 1294 2376 pa-

199 2380 327 2463 trabat.
371 2381 460 2440 ceteri
485 2380 548 2440 sine
572 2400 656 2442 mora
680 2381 813 2454 veniunt,
835 2381 989 2460 Caeparius
1008 2383 1094 2461 paulo
1115 2389 1182 2443 ante
1203 2383 1293 2443 domo

200 2474 215 2523 t
237 2483 370 2543 egressus
390 2466 506 2545 cognito
527 2465 633 2527 indicio
654 2487 689 2527 ex
709 2466 780 2528 urbe
799 2467 976 2546 profugerat.
1007 2467 1109 2527 consul
1124 2467 1292 2540 Lentulum,

238 2551 317 2629 quod
342 2559 460 2629 praetor
486 2561 562 2624 erat,
589 2552 651 2697 ipse
673 2569 763 2613 manu
788 2561 892 2612 tenens
918 2553 957 2630 [in
982 2553 1126 2628 senatum]
1148 2552 1291 2632 perducit,
1313 2559 1347 2610 25

236 2635 364 2715 reliquos
386 2655 454 2698 curn
480 2635 594 2698 custodi
615 2656 650 2697 us
679 2637 711 2697 in
739 2638 840 2698 aedem
868 2637 1045 2698 Concordiae
1074 2637 1172 2698 venire
1201 2637 1291 2699 iubet.

200 2731 272 2781 teo
319 2729 455 2784 senatum
498 2723 618 2784 advocat
661 2741 822 2802 magnaque
860 2723 1024 2801 frequentia
1067 2723 1130 2784 eius
1181 2723 1292 2784 ordinis

236 2805 418 2867 Volturcium
445 2825 512 2867 cum
537 2808 638 2887 legatis
660 2807 833 2880 introducit,
863 2808 1001 2869 Flaccum
1026 2815 1191 2886 praetorem
1217 2807 1291 2867 scri-

236 2891 319 2950 nium
332 2911 399 2952 cum
418 2891 529 2962 litteris,
546 2911 618 2970 quas
633 2913 649 2954 a
664 2892 764 2970 legatis
780 2900 938 2970 acceperat,
954 2892 1058 2952 eodem
1073 2892 1186 2950 adferre
1200 2891 1290 2950 iubet.

175 2981 216 3042 47
237 2975 402 3036 Volturcius
426 2977 622 3054 interrogatus
648 2977 683 3036 de
708 2977 820 3046 itinere,
844 2977 878 3035 de
904 2975 1023 3047 litteris,
1047 2983 1197 3054 postremo
1220 2974 1291 3054 quid
1312 2986 1348 3040 30

237 3068 288 3120 aut
307 3077 364 3138 qua
379 3062 414 3121 de
429 3079 515 3120 causa
530 3060 633 3121 consili
648 3060 809 3131 habuisset,
829 3059 924 3138 primo
940 3061 1048 3139 tingere
1063 3060 1130 3132 alia,
1152 3059 1291 3122 dissimu-

237 3145 295 3205 lare
321 3146 356 3205 de
384 3145 600 3218 coniuratione3
625 3152 692 3224 post
712 3144 762 3206 ubi
783 3144 839 3204 fide
863 3144 979 3223 publica
999 3145 1095 3206 dicere
1119 3146 1215 3206 iussus
1235 3152 1291 3218 est,

238 3230 337 3290 omnia
359 3231 402 3290 uti
418 3236 499 3308 gesta
514 3239 597 3291 erant
618 3230 710 3308 aperit
730 3231 872 3310 docetque
892 3249 923 3291 se
943 3231 1043 3310 paucis
1063 3237 1131 3291 ante
1151 3231 1255 3291 diebus
1276 3250 1293 3292 a

239 3315 361 3376 Gabinio
383 3322 412 3375 et
426 3315 564 3394 Caepario
585 3316 699 3376 socium
721 3314 865 3376 adscitum
883 3316 957 3375 nihil
972 3315 1097 3393 amplius
1112 3315 1187 3376 scire
1204 3334 1291 3395 quam

237 3401 360 3480 legatos,
376 3408 492 3480 tantum
507 3401 595 3481 modo
615 3400 714 3462 audire
733 3400 853 3460 solitum
874 3420 910 3460 ex
926 3400 1048 3460 Gabinio
1067 3399 1098 3460 P.
1115 3401 1292 3462 Autronium
1313 3413 1347 3464 35

240 3487 301 3546 Ser.
318 3486 430 3547 Sullam
445 3486 477 3546 L.
498 3486 721 3566 Vargunteium,
741 3485 849 3546 multos
871 3493 1022 3565 praeterea
1043 3485 1074 3545 in
1101 3506 1136 3548 ea
1156 3487 1292 3546 coniura-

201 3577 217 3626 2
238 3571 317 3631 tione
333 3591 406 3632 esse.
431 3571 531 3633 eadem
547 3569 620 3632 Galli
638 3571 767 3632 fatentur
781 3589 814 3631 ac
825 3571 984 3632 Lentulum
995 3571 1227 3632 dissimulantem
1241 3589 1291 3632 co-

240 3685 440 3694 .--=—.--..-·.....-

306 3753 518 3818 ddeprehendant
535 3771 570 3804 eac
585 3756 769 3820 reprehendunt
781 3756 804 3804 P
816 3751 826 3822 ΙΙ
840 3756 855 3802 6
871 3756 924 3805 illia
935 3757 958 3818 (s
970 3757 1017 3808 erl
1031 3758 1064 3821 P,
1082 3756 1134 3806 illis
1150 3757 1190 3807 vel
1203 3755 1242 3806 illi
1257 3755 1278 3806 C
1283 3755 1287 3824 1

240 3821 271 3870 13
281 3821 352 3870 uelut
363 3823 476 3872 hostibus
488 3839 523 3872 eze
535 3823 707 3874 uelndostihus
720 3823 743 3872 P
754 3821 763 3888 d
780 3824 809 3874 18
826 3830 895 3874 osset
909 3824 934 3886 C,
947 3825 982 3874 sit
996 3823 1174 3887 Cdetetdores,
1186 3832 1240 3875 erat
1252 3825 1288 3891 ΡΙ

239 3890 269 3940 21
288 3889 395 3954 itemque
408 3890 548 3955 caeparium
561 3890 612 3952 PC,
625 3890 732 3956 itemque
744 3893 864 3954 quendam
877 3892 1018 3958 caeparium
1030 3893 1068 3943 uel
1079 3893 1186 3958 itemque
1202 3908 1291 3959 caepa-

238 3959 303 4008 rium
315 3958 434 4023 quendam
446 3958 466 4008 C
476 3955 484 4022 ΙΙ
498 3957 629 4024 caeparios
637 3963 663 4008 et
672 3957 803 4023 cooperius
811 3961 956 4025 promiscuo
964 3963 989 4012 P
1000 3959 1009 4026 ΙΙ
1023 3961 1054 4010 tt
1067 3977 1099 4010 ex
1108 3962 1170 4011 urbe
1181 3961 1229 4023 PC,
1242 3977 1291 4011 om.

241 4026 278 4092 011
291 4028 322 4076 25
332 4025 527 4144 inponatumdel.
536 4027 659 4094 Cortiuafl
673 4027 704 4076 36
713 4028 919 4090 nargonteiumP
928 4029 938 4096 ΙΙ
948 4029 980 4078 at
992 4035 1130 4092 coarguunt
1139 4049 1291 4078 *saraam

238 4101 342 4160 praeter
