2854 4678
8 1007 11 1078 ¹

442 375 631 430 onlrlortns
649 377 692 429 ET
710 375 892 429 nrlsrunru
1139 379 1197 438 117

133 533 208 594 mihi
223 532 386 594 mutabant.
416 538 446 594 at
460 538 562 593 contra
576 532 607 592 in
621 531 668 592 his
683 531 809 592 miseriis
825 537 929 592 cuncta
941 549 989 591 me
1000 547 1069 592 eum
1079 529 1198 590 fortuna
1217 526 1232 588 ‘2

135 619 301 681 deseruere.
329 624 480 697 praeterea
494 625 640 688 senec-tus,
655 635 709 695 per
723 635 754 676 se
766 615 869 694 gravis,
886 633 987 676 curam
999 615 1135 695 duplicat,
1150 615 1198 676 cui

135 703 244 764 misero
264 710 328 762 nota
347 703 403 762 iam
420 711 512 763 aetate
527 719 564 761 ne
579 712 707 761 mortem
723 701 842 779 quidem
858 701 1013 761 honestam
1029 717 1147 778 sperare
1161 699 1197 758 11-

135 797 191 851 eet.
221 805 306 859 nam,
323 786 347 846 si
362 786 506 865 parricida
521 787 611 846 vostri
626 804 693 846 sum
709 795 737 846 et
752 785 796 845 bis
811 785 927 862 genitus
945 785 992 845 hic
1003 784 1073 845 deos
1086 783 1197 862 penatis
1219 797 1234 846 3

99 885 115 934 0
135 891 219 934 meos
230 871 414 951 patriamque
426 879 616 931 etsummum
627 871 782 949 imperinm
792 869 967 941 viliahabeo,
980 869 1046 948 quis
1054 868 1127 928 milri
1135 867 1197 928 vivo

136 957 282 1018 cruciatus
301 955 372 1016 satis
392 961 437 1015 est
456 964 506 1016 aut
521 974 595 1034 quae
610 973 706 1034 poena
721 951 862 1016 mortuo?
879 953 951 1033 quin
967 953 1064 1014 omnia
1080 972 1197 1013 memo-

135 1051 198 1103 rata
213 1041 289 1120 apud
305 1041 415 1102 inferos
426 1037 568 1119 supplicia
579 1040 688 1100 scelere
699 1057 767 1100 meo
779 1039 842 1099 vici.
869 1038 991 1118 aprima
1001 1036 1197 1099 adulescentia
1218 1046 1234 1095 4

135 1127 168 1186 in
188 1145 239 1186 ore
258 1132 358 1186 vostro
377 1125 508 1204 privatus
528 1124 607 1184 etin
627 1123 845 1201 magistratibus
865 1123 925 1202 egi:
943 1122 993 1202 qui
1013 1123 1125 1201 lingua,
1149 1121 1199 1200 qui

136 1210 260 1272 consilio
275 1229 354 1281 meo,
370 1209 421 1288 qui
436 1209 559 1288 pecunia
574 1209 701 1280 voluere,
717 1208 762 1268 usi
777 1216 855 1268 sunt.
886 1226 983 1286 neque
998 1225 1052 1285 ego
1068 1205 1199 1268 callidam

86 1305 115 1354 10
134 1295 303 1356 facundiam
318 1293 581 1374 nequeingenium
593 1293 628 1353 ad
640 1292 716 1353 male
727 1293 898 1353 faciundnm
910 1292 1039 1352 exercui:
1056 1291 1198 1352 avidissu-

136 1399 204 1440 mus
215 1379 343 1458 privatae
358 1377 466 1457 gratiae
482 1397 635 1439 maxumas
650 1377 816 1438 inimicitias
830 1397 884 1455 pro
900 1395 932 1437 re
949 1377 1062 1455 publica
1073 1375 1197 1454 suscepi,

136 1465 203 1544 quis
217 1465 311 1524 vietus
326 1482 394 1523 oum
409 1461 458 1522 illa‘
471 1461 569 1535 simul,
585 1481 654 1524 eum
669 1481 757 1540 egens
769 1463 878 1522 alienae
889 1461 953 1540 opis
964 1461 1046 1540 plura
1059 1460 1135 1520 mala
1146 1479 1198 1520 ex·
1269 1471 1270 1479 ’

135 1557 294 1628 pectarem,
307 1567 367 1620 vos,
381 1547 519 1620 Quirites,
530 1565 634 1607 rursus
646 1545 719 1607 milri
729 1547 852 1624 patriam
865 1547 994 1623 deosque
1005 1545 1119 1624 penatis
1130 1563 1198 1604 cum

135 1633 247 1712 ingemi
269 1631 410 1712 dignitate
429 1631 558 1692 dedistis.
588 1649 642 1710 pro
662 1631 769 1710 quibus
790 1629 932 1692 benificiis
951 1631 998 1690 vix
1013 1630 1199 1708 satisgratus
1219 1641 1234 1688 5

84 1728 115 1777 15
136 1717 250 1793 videar,
265 1717 291 1777 si
306 1717 426 1796 siugulis
441 1717 570 1777 animam
586 1735 674 1794 quam
690 1733 805 1794 nequeo
821 1715 1036 1786 concesserim.
1056 1733 1124 1782 nam
1141 1714 1197 1773 vite

135 1810 167 1864 et
186 1819 268 1862 mors
287 1801 351 1861 iura
372 1808 493 1862 naturae
513 1811 597 1860 sunt:
613 1809 646 1860 ut
665 1799 728 1860 sine
749 1800 891 1860 dedecore
911 1817 979 1859 cum
995 1797 1105 1860 civibus
1119 1799 1197 1858 lama

136 1894 167 1948 et
178 1885 308 1954 torturis
323 1885 436 1964 integer
451 1903 527 1964 agas,
542 1885 572 1945 id
587 1885 665 1946 dono
681 1885 767 1945 datur
780 1895 867 1963 atque
883 1884 1032 1962 accipitur.
1062 1883 1198 1943 consules
1219 1894 1234 1942 0

136 1989 193 2032 nos
212 1970 336 2044 fecistis,
360 1969 502 2042 Quirites,
524 1969 605 2030 domi
623 1967 750 2047 bellique
771 1968 1006 2048 impeditissuma
1024 1967 1197 2046 republica.

135 2073 265 2134 namque
280 2055 473 2134 imperatores
485 2053 640 2132 Hispaniae
654 2053 833 2132 stipendium
848 2053 956 2114 milites
971 2071 1052 2114 arma
1063 2053 1199 2112 trumen-

82 2152 115 2202 20
135 2147 202 2201 tum
229 2147 357 2218 poscunt
375 2148 406 2199 et
424 2139 454 2198 id
473 2156 521 2198 res
544 2137 635 2216 cogit,
658 2137 797 2216 quoniam
817 2137 980 2199 defectione
1000 2137 1149 2198 sociorum
1170 2144 1200 2196 et

136 2224 251 2286 Sertori
265 2241 319 2302 per
333 2223 443 2284 montis
456 2223 524 2301 luga
539 2240 636 2301 neque
652 2240 742 2282 manu
754 2231 864 2282 certare
875 2229 1001 2301 possunt
1011 2239 1108 2300 neque
1118 2219 1199 2282 utilia

134 2327 248 2388 parare.
278 2305 422 2368 exercitus
441 2307 473 2366 in
491 2307 560 2368 Asia
581 2307 736 2385 Ciliciaque
758 2307 796 2367 ob
816 2307 922 2367 nimias
938 2326 1009 2386 opes
1023 2305 1199 2367 Mithridatis
1221 2309 1234 2357 i

134 2393 263 2464 aluntur,
279 2392 447 2452 lllaeedonia
461 2392 546 2470 plena
562 2391 692 2451 hostium
708 2399 761 2462 est,
777 2410 832 2452 nec
847 2391 946 2452 minus
960 2391 1058 2452 ltaliae
1074 2391 1198 2451 maritu-

135 2496 185 2538 ma
199 2485 229 2538 et
239 2476 466 2556 provinciarum,
483 2495 551 2536 cum
563 2475 680 2535 interim
692 2476 841 2553 vectigalia
852 2494 940 2554 parva
952 2485 981 2535 et
991 2475 1075 2550 bellis
1087 2475 1199 2535 incerta

81 2572 114 2622 25
135 2563 184 2623 vix
198 2569 313 2641 partem
328 2567 503 2639 sumptuum
514 2560 676 2620 sustinent:
692 2559 732 2620 ita
745 2559 844 2633 classe,
861 2557 935 2638 quae
947 2566 1119 2620 conmeatus
1130 2566 1197 2619 tue-

134 2648 234 2720 batur,
249 2645 364 2706 minore
380 2663 469 2724 quam
484 2652 568 2704 antea
583 2644 762 2722 navigamus

222 2729 300 2790 Haec
319 2730 344 2790 si
367 2729 436 2790 dolo
457 2737 508 2790 aut
522 2729 655 2789 socordia
670 2737 770 2789 nostra
786 2735 934 2790 contracta
950 2735 1028 2801 sunt,
1051 2728 1140 2807 agite,
1163 2735 1196 2787 ut
1216 2733 1232 2784 8

72 2809 78 2820 ’
134 2823 239 2880 monet
262 2815 317 2886 ira,
340 2813 518 2892 supplicium
539 2812 661 2874 sumite:
681 2813 727 2872 sin
746 2813 863 2873 fortuna
883 2813 1050 2874 communis
1065 2811 1198 2892 asperior

134 2907 194 2973 est,
215 2918 305 2980 quare
327 2899 443 2977 indigna
463 2897 546 2958 vobis
561 2897 705 2976 nobisque
721 2907 751 2958 et
764 2916 796 2958 re
811 2897 926 2976 publica
941 2894 1092 2977 incipitis?
1107 2904 1195 2976 atque
1218 2901 1234 2952 0

81 2997 114 3046 10
136 3005 201 3064 ego,
217 2983 300 3044 cuius
316 2983 404 3044 aetati
418 3001 500 3042 mors
514 2982 635 3061 propior
649 2988 703 3054 est,
719 2999 781 3042 non
795 2983 945 3062 deprecor,
962 2983 1058 3064 siquid
1070 3002 1103 3044 ea
1115 2981 1196 3042 vobis

133 3067 317 3131 incommodi
328 3066 469 3128 demitur:
481 3084 578 3146 neque
590 3086 661 3127 mox
671 3067 788 3145 ingenio
800 3069 931 3146 corporis
943 3068 1095 3128 honestius
1107 3085 1196 3146 qnam

134 3173 189 3234 pro
204 3161 303 3214 vostra
317 3153 409 3212 salute
424 3152 514 3211 finem
525 3153 600 3212 vitae
611 3151 740 3212 fecerim.
768 3152 874 3212 adsum
886 3171 923 3214 en
935 3152 966 3212 C.
983 3153 1066 3213 Cotta
1079 3151 1196 3223 eonsul3
1219 3157 1250 3208 10

133 3238 210 3300 facio
233 3237 313 3317 quod
332 3255 418 3316 saepe
438 3236 565 3296 maiores
587 3237 698 3315 asperis
718 3235 802 3296 bellis
823 3237 934 3297 fecere:
951 3256 1041 3297 voveo
1061 3237 1196 3314 dedoque

135 3343 184 3384 me
199 3341 253 3402 pro
264 3321 430 3400 republica,
444 3339 533 3400 quam
545 3321 649 3381 deiude
661 3321 707 3380 oui
719 3321 863 3380 mandetis
876 3320 1098 3398 circumspicite.
1126 3337 1195 3379 nam
1219 3324 1247 3374 11

75 3416 114 3484 ¹85
135 3409 225 3469 talem
240 3407 383 3467 bonorem
398 3405 495 3466 honus
511 3423 600 3466 nemo
617 3405 703 3476 volet,
720 3423 788 3464 cum
800 3405 936 3464 fortunae
947 3413 977 3463 et
987 3404 1076 3464 maris
1089 3411 1118 3464 et
1128 3403 1195 3464 belli

136 3493 172 3553 ab
191 3491 254 3552 aliis
269 3490 325 3551 acti
339 3491 414 3552 ratio
429 3489 580 3550 reddunda
594 3497 644 3552 aut
658 3489 783 3568 turpiter
797 3488 988 3549 moriundum
1003 3489 1050 3549 sit.
1079 3496 1195 3548 tantum
1218 3495 1248 3544 12

136 3577 225 3638 modo
239 3577 271 3636 in
285 3575 391 3635 animis
406 3573 544 3635 habetote
558 3592 620 3635 non
631 3592 679 3634 me
691 3575 727 3634 ob
740 3573 834 3633 scelus
846 3583 895 3634 aut
906 3573 1055 3634 avaritiam
1065 3591 1194 3644 caesum,

136 3663 188 3723 sed
202 3661 350 3722 volentem
364 3677 418 3738 pro
434 3659 580 3720 maxumis
594 3658 737 3719 benificiis
752 3657 880 3718 animam
895 3658 974 3719 dono
990 3658 1113 3718 dedisse.
1143 3676 1196 3736 per
1215 3664 1246 3716 13

137 3781 335 3790 mm..

199 3826 215 3876 3
227 3833 285 3876 acta
297 3826 347 3876 iam
357 3833 440 3876 aetate
451 3822 922 3887 1ῑ,“101101111111111010101011011101ἱ
935 3830 1000 3876 tecte
1009 3825 1080 3877 Seru.
1091 3829 1118 3876 in
1127 3829 1193 3876 Aen.

140 3893 181 3958 11,
193 3893 252 3954 165,
266 3893 333 3958 qnod
346 3894 435 3944 Carrio
447 3898 474 3944 in
486 3895 552 3944 bone
564 3895 647 3942 locum
658 3894 725 3943 mole
736 3893 825 3943 intulit
842 3891 851 3962 11
865 3895 881 3944 9
900 3895 1012 3944 caninam
1028 3894 1117 3944 Curra'o
1134 3891 1143 3960 1
1163 3895 1194 3942 16

137 3959 193 4012 inrd
205 3961 234 4012 V
244 3959 254 4028 11
268 3963 299 4010 21
319 3969 442 4028 sumptum
456 3962 484 4013 V
501 3960 510 4028 {l
528 3962 556 4011 3l
579 3961 678 4024 ingenio
691 3961 807 4027 corporis
820 3962 856 4026 V,
870 3963 894 4011 in
907 3961 977 4012 senio
990 3962 1104 4027 corporis
1123 3960 1195 4010 Orel-

138 4027 791 4149 11οἷ011Μῇ101101111111101100εωηοοηίεοίαναπι,
804 4029 910 4094 ingenuo
923 4029 1024 4094 corpori
1040 4027 1124 4078 Aldus
1137 4025 1147 4096 fl
1160 4027 1193 4078 38
1210 4060 1214 4064 -=

140 4111 171 4147 no
183 4105 239 4148 eote
