2846 4682
475 384 518 434 DE
535 383 642 435 nntto
661 383 868 436 lUGUllTlllNO
1025 401 1028 408 “
1161 389 1202 449 59

140 540 263 601 divorsis
278 538 429 600 mentibus
444 557 500 617 pax
515 546 566 600 ant
584 539 712 600 amicitia
726 537 817 601 esse?
839 559 897 620 qua
911 557 944 601 re
959 557 1066 602 moneo
1081 537 1202 602 hortor-
1223 551 1256 602 25

142 643 196 704 que
216 643 270 686 uos
290 641 329 684 ne
349 630 467 684 tantum
482 625 577 684 scelus
597 625 767 704 inpunitum
788 623 939 687 omittatis.
970 641 1031 686 non
1050 625 1202 706 peculatus

141 709 233 771 aemri
256 709 354 770 factus
375 715 421 769 est
440 725 537 788 neque
555 727 609 788 per
628 709 688 770 vim
707 709 793 771 sociis
812 717 931 790 ereptae
949 711 1105 790 pecuniae,
1127 729 1202 790 quae

142 813 324 874 quamquam
341 794 437 873 gravia
451 801 534 865 sunt,
555 801 657 855 tamen
671 794 883 856 consuetudine
898 794 956 854 iam
972 796 1133 874 pronihilo
1148 798 1202 858 ba·

103 889 119 939 a
140 879 258 941 bantur.
294 879 374 939 hosti
399 895 552 940 acerrumo
582 879 696 958 prodita
720 886 840 941 senatus
858 879 1030 954 auctoritas,
1051 881 1203 960 proditum

140 965 299 1045 imperium
314 971 447 1024 rostrum
462 970 523 1024 est:
535 963 617 1025 domi
631 963 810 1044 militiaeque
825 983 872 1025 res
886 965 1002 1044 publica
1016 966 1125 1026 venalis
1136 967 1201 1027 fuit

140 1067 215 1129 quae
230 1049 288 1110 nisi
303 1049 435 1128 quaesita
449 1055 545 1120 ertmt,
561 1048 618 1110 nisi
632 1047 811 1110 vindicatum
825 1049 858 1110 in
871 1049 984 1121 noxios,
1001 1049 1072 1129 quid
1086 1051 1143 1111 erit
1152 1069 1202 1112 re-
1223 1062 1256 1114 26

139 1134 239 1206 licum,
255 1132 439 1205 melotidis,
456 1134 506 1213 qui
521 1152 555 1194 ea
568 1135 674 1207 fecere,
690 1134 880 1196 oboedientes
895 1131 1048 1197 vivamus?
1063 1151 1133 1196 nam
1144 1135 1202 1195 im-

139 1235 218 1299 pune
234 1237 310 1298 qnae
325 1217 408 1280 lubet
421 1219 532 1291 iacere,
553 1217 583 1278 id
598 1225 644 1280 est
657 1237 757 1298 regem
773 1238 846 1280 esse.
870 1237 967 1300 neque
982 1238 1035 1298 ego
1050 1239 1112 1292 vos,
1128 1219 1201 1292 Qui-
1222 1231 1255 1282 27

88 1311 121 1362 tt)
141 1303 222 1376 rites,
239 1305 344 1366 hortor
354 1310 390 1364 ut
403 1303 511 1364 malitis
523 1303 592 1364 civis
603 1310 718 1364 vostros
729 1321 885 1383 perperam
896 1323 986 1384 quam
997 1311 1077 1366 recte
1087 1304 1200 1377 iecisse,

139 1390 191 1450 sed
217 1407 256 1450 ne
280 1388 460 1468 ignoscundo
484 1388 568 1448 malis
587 1387 681 1449 bonos
700 1389 849 1468 perditum
869 1389 952 1450 eatis.
987 1389 1022 1450 ad
1041 1387 1098 1450 hoc
1118 1390 1149 1450 in
1168 1407 1201 1450 re
1222 1401 1255 1452 28

139 1474 256 1553 publiea
275 1475 369 1534 multo
389 1479 519 1552 praestat
538 1473 654 1534 beniliei
674 1491 764 1553 quam
779 1473 897 1535 malidci
916 1474 1112 1535 inmemorem
1127 1493 1200 1535 esse.

140 1558 237 1620 bonus
255 1565 373 1619 tantum
393 1557 484 1618 modo
506 1557 623 1637 segnior
637 1558 686 1630 lit,
706 1559 758 1619 nbi
772 1559 920 1638 neglegas,
942 1567 972 1620 at
987 1558 1082 1620 malus
1097 1559 1200 1640 inpro-

139 1643 214 1705 bior.
244 1642 353 1704 ad-boc
367 1641 393 1704 si
407 1642 529 1703 iniuriae
542 1659 604 1703 non
618 1643 686 1715 sint,
702 1644 782 1704 haud
797 1663 883 1722 saepe
899 1643 987 1705 auxili
1002 1636 1106 1724 egeas?
1223 1654 1256 1706 29

85 1737 118 1787 tt
224 1727 304 1789 llaec
317 1734 405 1806 atque
421 1727 474 1788 alia
489 1727 693 1789 huiuscemodi
706 1729 822 1808 saepius
836 1729 963 1789 dicundo
978 1723 1134 1788 Memmius
1145 1747 1201 1808 po·
1223 1731 1265 1792 82

139 1813 209 1893 pulo
229 1813 388 1892 persuadet
409 1815 453 1872 uti
468 1811 500 1872 L.
517 1812 646 1885 Cassius,
668 1813 719 1892 qui
739 1821 805 1874 tum
819 1819 939 1892 praetor
953 1819 1028 1884 erat,
1045 1813 1082 1873 ad
1097 1813 1201 1892 lugur-

138 1899 222 1960 tham
234 1898 403 1959 mitteretur
413 1915 541 1976 eumque
553 1897 725 1977 interposita
737 1898 794 1958 lide
805 1897 921 1977 publica
931 1898 1059 1959 Romam
1071 1898 1199 1970 duceret,

140 1997 200 2062 quo
221 1981 334 2043 facilius
356 1981 462 2042 indicio
481 1981 557 2061 regis
579 1982 681 2044 Scauri
695 1989 727 2043 et
747 1983 944 2061 reliquorum,
966 2001 1041 2062 quos
1059 1983 1200 2062 pecuniae

140 2075 241 2146 captae
253 2067 428 2139 accersebat,
437 2066 542 2127 delicta
553 2067 735 2146 patefierent.
759 2067 831 2128 dum
842 2067 1199 2148 haecRomaegerrmtur,
1219 2083 1234 2131 2

85 2157 120 2208 20
141 2152 192 2232 qui
206 2152 238 2212 in
252 2151 389 2212 Numidia
402 2151 496 2212 relicti
510 2171 526 2212 a
540 2152 637 2212 Bestia
652 2147 793 2214 exercitui
803 2158 958 2231 praeerant
975 2153 1069 2214 secuti
1085 2171 1201 2214 morem

139 2237 326 2316 imperatoris
339 2237 386 2296 sui
399 2235 537 2314 pluruma
551 2243 582 2296 et
595 2237 829 2316 flagitiosissuma
840 2237 969 2299 facinora
977 2237 1084 2298 fecere.
1107 2237 1199 2310 luere,
1224 2249 1238 2299 3

140 2322 191 2402 qui
209 2339 282 2383 auro
302 2321 438 2400 conrupti
458 2321 629 2400 elephantos
644 2322 799 2401 Iugurthae
819 2321 983 2394 traderent,
1005 2321 1052 2384 alii
1066 2323 1201 2403 perfugas

139 2407 282 2478 rendere,
303 2423 370 2485 pars
390 2425 426 2466 ex
446 2405 556 2490 pacatis
571 2407 694 2490 praedas
710 2407 848 2486 agebant:
869 2413 950 2468 tanta
965 2407 1008 2468 vis
1023 2407 1157 2468 avaritiae
1171 2409 1201 2468 in
1222 2421 1238 2470 4

139 2493 254 2553 animos
273 2509 378 2552 eorum
397 2491 488 2552 veluti
502 2473 753 2552 tabes'invaserat.
783 2499 813 2552 at
828 2492 944 2553 Cassius
958 2500 1077 2571 praetor
1091 2491 1201 2571 perlata
1223 2505 1238 2554 5
1317 2537 1321 2545 .

84 2587 119 2638 25
139 2577 290 2657 rogatione
305 2595 322 2636 a
336 2576 368 2636 G.
380 2574 519 2636 Memmio
534 2594 568 2637 ac
581 2576 714 2656 perculsa
728 2577 810 2636 omni
820 2576 971 2638 nobilitate
983 2576 1019 2635 ad
1029 2577 1201 2654 Iugurtham

139 2661 334 2741 proficiscitur
354 2661 440 2739 eique
459 2660 565 2722 timido
584 2668 615 2721 et
633 2681 670 2722 ex
685 2660 862 2722 conscientia
878 2659 1022 2722 diffidenti
1036 2661 1125 2722 rebus
1139 2661 1200 2720 suis

139 2747 306 2827 persuadet,
318 2745 460 2824 quoniam
471 2764 502 2806 se
511 2745 620 2825 populo
630 2745 764 2806 Romano
776 2745 914 2817 dedisset,
925 2762 963 2805 ne
971 2745 1031 2806 vim
1040 2763 1131 2824 quam
1142 2745 1200 2804 mi·
1256 2761 1259 2766 ·

139 2831 328 2913 sericordiam
343 2830 407 2890 eius
422 2830 547 2910 experiri
561 2829 670 2892 mallet.
693 2830 829 2910 privatim
844 2835 995 2909 praeterea
1010 2830 1100 2890 fidem
1114 2847 1200 2890 suam

140 2908 315 2996 interponit,
332 2933 421 2995 quam
437 2915 483 2975 ille
498 2931 559 2975 non
574 2915 697 2976 minoris
711 2932 800 2995 quam
816 2913 964 2994 publicam
979 2915 1118 2976 ducebat:
1134 2913 1199 2975 talis

87 3015 120 3066 30
140 3021 174 3063 aa
188 3007 365 3081 tempestate
378 3000 458 3061 fama
473 3000 509 3061 de
526 2999 623 3062 Cassio
639 3007 710 3060 erat.
740 2999 829 3079 igitur
843 2999 981 3080 Iugurtha
997 3005 1101 3062 eontra
1111 3000 1200 3062 decus
1222 3005 1263 3068 tt}

140 3087 254 3166 regium
274 3085 355 3147 cultu
376 3103 466 3164 quam
481 3103 620 3146 maxume
635 3084 794 3146 miserabili
809 3103 878 3146 cum
894 3085 991 3146 Cassio
1007 3085 1133 3147 Romam
1148 3104 1199 3146 ve-

139 3171 192 3232 nit.
231 3191 265 3232 ac
283 3171 402 3232 tametsi
420 3169 535 3249 in·ipso
556 3170 725 3249 magna-vis
745 3171 835 3231 animi
854 3177 929 3242 erat,
953 3171 1143 3232 confirmatus
1164 3169 1200 3231 ab
1221 3187 1236 3236 2

141 3256 292 3328 omnibus,
314 3273 443 3334 quorum
457 3255 589 3334 potentia
604 3261 655 3316 aut
669 3255 777 3316 scelere
793 3263 898 3317 cuneta
912 3273 947 3316 ea
961 3263 1102 3335 gesserat,
1125 3273 1200 3338 quae

141 3359 229 3422 supra
248 3340 383 3413 diximus,
396 3340 427 3401 C.
444 3339 586 3402 Baebium
600 3339 754 3402 tribunum
768 3340 861 3420 plebis
876 3357 980 3419 magna
996 3340 1130 3400 mercede
1147 3357 1199 3418 pa-

208 3578 223 3628 2
242 3576 369 3628 omittatis
383 3574 426 3643 Cp,
443 3574 574 3625 obnitatis
590 3576 625 3639 P,
641 3575 766 3626 amittatis
780 3574 809 3626 V
823 3571 833 3641 l
850 3575 980 3640 peculatus
994 3589 1025 3641 p,
1042 3568 1106 3640 peon'
1121 3576 1146 3626 P
1157 3571 1167 3641 ΙΙ
1185 3575 1199 3622 7

142 3645 302 3695 uindicantur
315 3644 344 3696 V
353 3640 363 3710 ss
378 3644 409 3693 ld
427 3650 482 3693 rote
495 3645 518 3694 P
529 3641 540 3710 ΙΙ
560 3643 590 3692 12
608 3643 722 3692 beneficii
735 3657 808 3708 qnam
820 3643 940 3694 maleficii
952 3657 1086 3692 memorem
1103 3657 1160 3692 esse
1177 3644 1203 3693 P

142 3713 195 3776 (cel
208 3712 393 3774 immemorem)
407 3709 438 3773 0,
455 3710 570 3761 beneficii
586 3725 721 3790 memorem
737 3725 882 3775 essequam
899 3710 1017 3760 maleficii
1034 3711 1062 3762 V
1062 3709 1083 3762 C
1097 3715 1123 3760 ot
1137 3727 1155 3778 p
1173 3713 1201 3761 in

142 3780 371 3914 tttattttt?
380 3778 657 3910 ttttttltlttt
666 3796 680 3914 l
697 3776 1034 3897 bttttttaldll
1048 3779 1092 3914 2⁵„
1100 3795 1200 3896 tabl?

143 3915 257 3966 cerseb'at
266 3915 317 3978 PC,
329 3913 475 3964 arcessebat
485 3913 511 3979 C,
523 3913 687 3964 accersebant
695 3914 736 3964 cot
743 3916 905 3966 arcessebant
915 3914 936 3965 0
946 3913 955 3981 ΙΙ
968 3915 1000 3965 23
1010 3916 1149 3965 uenderent
1157 3913 1204 3965 PC

141 4015 144 4046 ,
159 3984 248 4047 agebat
260 3985 284 4033 Ρ
317 3983 351 4032 24
369 4000 395 4029 *s
407 3981 489 4030 animo
502 3982 568 4045 Ptin
579 3985 668 4045 erac),
681 3983 777 4032 animos
787 3999 806 4050 p
818 3981 828 4049 ΙΙ
841 3991 944 4049 praetor
956 3984 1004 4048 (pr.
1017 3984 1049 4046 P)
1060 3981 1109 4046 ΡΟ,
1121 3981 1203 4034 om,C

159 4050 191 4100 26
209 4058 235 4101 et
246 4066 297 4100 can.
310 4050 340 4114 Ρ,
352 4066 373 4098 a.
383 4065 404 4097 s.
413 4063 432 4114 p
445 4047 455 4114 ll
469 4049 501 4100 29
519 4064 592 4114 qnam
603 4050 741 4114 publicam]
758 4065 831 4116 quam
840 4052 909 4116 publi
921 4067 957 4100 ece
968 4065 1040 4116 qnam
1053 4050 1097 4099 illa
1109 4049 1133 4098 P
1144 4046 1155 4116 1]
1167 4049 1199 4100 32

143 4119 304 4170 confirmatus
315 4133 352 4166 eto
363 4117 519 4168 confirmatis
530 4119 555 4168 P
565 4115 575 4184 ΙΙ
588 4117 620 4166 33
633 4118 746 4184 potentia
758 4137 771 4165 a
783 4118 807 4180 (ε
817 4121 896 4182 orae.)
909 4120 934 4168 Ρ
