2846 4682
214 295 263 359 42.
295 258 296 261 ¹
581 293 608 344 c.
621 292 781 346 33333333
799 291 900 344 333333

189 448 469 528 Ι33333333333331333
491 447 582 519 dedit,
609 447 676 519 sed,
697 448 740 507 nti
752 465 827 508 mos
847 448 942 527 gentis
964 447 1040 543 illins
1058 456 1115 522 est,
1138 450 1272 530 equitare

213 532 342 604 iaculari,
359 551 447 593 cursu
462 550 531 602 cum
545 531 716 612 aequalibus
728 539 853 606 certare,
876 541 905 594 et
920 551 987 594 cum
1000 530 1096 594 o'mnis
1111 535 1201 612 gloria
1216 553 1271 597 an-

212 617 314 689 teiret,
331 617 469 679 omnibns
488 623 588 679 tamen
607 635 691 678 carus
711 635 791 690 esse3
810 617 848 678 ad
869 618 925 678 hoc
939 618 1076 698 pleraque
1091 621 1248 717 tempora'
1239 637 1271 680 m

212 702 346 770 venando
361 721 454 782 agere,
469 701 585 762 leonem
595 709 688 781 ,atque
703 700 772 761 alias
784 662 863 763 feras
878 702 992 780 primus
1007 703 1098 764 autin
1109 704 1212 782 primis
1223 705 1269 766 fc-

177 799 192 848 2
212 787 279 859 3333,
295 787 465 866 plurumum
479 786 574 848 facere
590 785 757 848 minumum
772 785 834 866 ipsc
850 787 885 868 de
900 805 931 846 sc
947 787 1037 866 loqui.
1060 787 1166 866 quibus
1180 789 1269 850 rebus
1291 801 1308 850 5

213 871 341 951 Micipsa,
356 871 473 934 tametsi
488 869 571 931 initio
586 872 679 931 lactus
691 870 797 942 fuerat,
814 871 995 932 existumans
1010 872 1151 933 virtutem
1166 873 1269 952 lugur-

212 957 280 1016 thae
299 974 390 1036 regno
405 975 459 1016 suo
474 955 581 1034 gloriae
595 955 676 1027 fore,
699 962 799 1015 tamen
813 962 970 1034 postquam
985 957 1138 1017 hominem
1153 958 1269 1018 adules-

214 1049 330 1102 centem
350 1049 449 1102 exacta
468 1057 521 1100 sua
536 1047 630 1101 aetate
646 1046 676 1100 et
690 1042 786 1119 parvis
801 1039 900 1100 liberis
915 1040 1008 1119 magis
1023 1041 1175 1122 magisque
1190 1061 1269 1103 cres-

190 1125 457 1204 cere-intellegit,
485 1123 674 1185 vehementer
699 1143 733 1184 eo
757 1123 875 1203 negotio
901 1132 1068 1204 permotus,
1090 1127 1183 1186 multa
1202 1145 1271 1188 cum

178 1227 192 1276 3
213 1211 311 1270 animo
332 1227 386 1270 suo
406 1209 545 1270 volvebat.
565 1208 708 1270 terrebat
727 1227 795 1270 eum
815 1217 921 1272 natura
933 1210 1101 1272 mortalium
1117 1211 1199 1272 avida
1212 1211 1277 1272 im·,
1295 1227 1327 1277 13
1374 1273 1385 1292 ,

212 1294 275 1374 3333
286 1301 316 1354 33
326 1313 465 1376 33333333
476 1293 513 1370 ad
524 1293 697 1372 explendam
708 1293 798 1354 animi
810 1293 986 1372 cupidinem,
998 1302 1149 1374 praeterea
1160 1313 1269 1374 oppor-

212 1379 323 1440 tunitas
334 1397 404 1438 3333
415 1377 633 1458 liberorumque
645 1377 757 1450 aetatis,
773 1397 848 1456 quae
860 1379 949 1438 etiam
961 1379 1118 1440 mediocris
1129 1381 1207 1450 viros
1218 1399 1270 1459 spe

213 1464 336 1543 praedae
355 1470 538 1524 transvorsos
558 1463 631 1542 agit3
653 1463 689 1523 ad
709 1461 767 1523 hoc
785 1461 880 1524 studia
902 1463 1096 1524 Numidarum
1115 1463 1146 1524 in
1165 1464 1270 1543 lugur-

183 1620 186 1624 ,
213 1549 295 1610 313333
312 1565 447 1620 accensa,
469 1547 641 1627 exquibus,
662 1547 688 1607 si
707 1546 796 1608 talem
811 1547 907 1608 virum
922 1549 995 1610 dolis
1009 1547 1217 1620 interfecisset,
1233 1567 1270 1613 ne

173 1637 271 1712 'liqna
291 1631 395 1692 seditio
418 1639 468 1692 aut
491 1632 600 1692 bellum
623 1631 750 1692 oriretur
770 1632 873 1692 anxius
894 1642 964 1692 erat.
993 1632 1039 1692 his
1053 1633 1272 1694 difficultatibus
1294 1645 1325 1695 33

214 1718 430 1780 circumventus
454 1716 503 1776 uhi
528 1715 606 1776 videt
593 1723 721 1796 tneque
741 1734 794 1796 per
815 1716 874 1776 vim
894 1735 990 1795 neque
1011 1717 1125 1778 insidiis
1145 1717 1271 1796 opprimi

213 1821 300 1881 posse
319 1801 471 1862 hominem
491 1808 553 1862 tam
567 1808 720 1880 acceptum
735 1801 938 1880 popularibus,
960 1803 1117 1946 qnoduierat
1132 1801 1271 1882 Iugurtha

214 1904 305 1947 manu
319 1897 475 1966 promptus
490 1893 520 1946 33
534 1886 674 1965 adpetens
689 1885 796 1966 gloriae
811 1885 1017 1958 331133333333
972 1893 1030 1947 333
1031 1893 1159 1948 uncum
1172 1886 1270 1948 313133-

178 1984 193 2034 3
215 1979 277 2032 tare
297 1970 434 2068 periculis
455 1977 485 2030 33
505 1989 540 2031 33
561 1971 650 2032 modo
665 1971 816 2030 fortunam
831 1978 985 2050 temptare.
1012 1971 1102 2050 igitur
1116 1971 1192 2032 hello
1208 1971 1270 2032 Nu-

215 2057 346 2118 mantino
360 2055 494 2134 Micipsa,
516 2074 583 2116 cum
606 2056 714 2134 populo
729 2056 863 2116 Romano
878 2056 1011 2136 equitum
1035 2065 1064 2116 3
1065 2075 1122 2136 que
1137 2057 1270 2135 peditum
1292 2071 1327 2122 20

216 2141 321 2202 auxilia
346 2140 492 2214 mitteret,
515 2155 636 2219 sperans
658 2139 702 2200 vel
722 2139 896 2200 ostentando
917 2141 1055 2202 virtutem
1076 2143 1121 2201 vel
1140 2141 1272 2202 hostium

215 2225 333 2286 saevitia
353 2225 437 2286 facile
460 2243 529 2285 eum
545 2242 726 2297 occasurum,
742 2225 882 2304 pracfecit
897 2223 1046 2296 Numidis,
1068 2245 1143 2304 quos
1158 2225 1188 2284 in
1201 2226 1271 2286 His·

179 2310 331 2388 spaniam
353 2308 579 2370 mittebatsed
599 2329 633 2370 33
653 2327 700 2368 res
721 2310 805 2388 longe
826 2309 875 2370 alit
863 2317 909 2370 333
930 2329 963 2370 33
982 2317 1063 2370 ratus
1083 2317 1145 2370 erat
1164 2310 1271 2371 evenit.

180 2407 196 2456 4
215 2411 284 2454 nam
300 2394 455 2472 Iugurtha,
476 2399 510 2453 ut
529 2403 592 2453 erat
612 2393 725 2472 inpigro
745 2401 832 2473 atque
848 2395 905 2454 acri
921 2394 1051 2474 ingenio,
1071 2393 1122 2454 uhi
1137 2401 1271 2454 naturam

215 2478 248 2539 P.
266 2477 422 2558 ScipioniS,
444 2477 495 2556 qui
514 2484 579 2538 tum
595 2477 734 2538 Romanis
754 2478 913 2557 3333333333
932 2486 1011 2552 3333,
1032 2486 1062 2538 33
1082 2497 1197 2540 morem
1216 2479 1272 2540 ho·
1295 2491 1328 2541 35

215 2563 306 2624 stium
321 2563 464 2642 cognovit,
481 2563 574 2624 multo
590 2561 688 2622 labore
700 2563 851 2642 multaque
864 2581 941 2636 cura,
954 2573 1104 2644 practerea
1115 2563 1272 2633 modestis-

215 2667 300 2708 sume
320 2648 450 2727 parendo
469 2655 498 2708 et
519 2667 606 2726 33333
622 2647 735 2708 obviam
751 2649 848 2709 eundo
863 2649 998 2726 periculis
1013 2648 1044 2708 in
1058 2655 1171 2709 tantam
1187 2648 1273 2708 clari-

215 2733 349 2812 tudinem
364 2732 444 2794 brevi
459 2739 640 2812 pervenerat,
655 2740 689 2793 ut
703 2733 812 2794 nostris
827 2733 1016 2794 vehementer
1030 2750 1123 2803 cams,
1141 2733 1273 2793 Numan-

181 2830 197 2880 5
217 2818 287 2878 tinis
299 2835 437 2880 maxumo
448 2817 554 2878 terrori
565 2824 653 2876 esset.
676 2837 710 2878 ac
720 2836 799 2890 sane,
812 2817 891 2896 quod
904 2817 1118 2878 difficillumum
1129 2817 1274 2895 inprimis

218 2910 277 2974 est,
299 2910 328 2962 et
342 2901 454 2980 proelio
468 2908 607 2962 strenuus
621 2909 684 2961 erat
698 2909 728 2962 et
742 2902 838 2962 bonus
854 2902 989 2974 consilio,
1006 2921 1132 2982 quorum
1147 2903 1275 2964 alterum
1296 2915 1330 2966 33

217 3006 253 3046 ex
269 2985 448 3064 providentia
463 2984 612 3052 timorem,
628 2985 753 3046 altemm
768 3005 803 3046 33
818 2987 938 3048 audacia
952 2987 1148 3048 temeritatem
1159 2987 1274 3060 adferre

182 3081 198 3131 3
218 3071 392 3151 plerumque
414 3068 497 3128 solet.
535 3069 623 3147 igitur
642 3069 803 3148 imperator
821 3071 918 3131 omnis
937 3071 998 3132 fere
1018 3089 1065 3132 333
1085 3090 1201 3150 3333333
1222 3088 1276 3150 333

218 3153 388 3234 Iugurtham
403 3171 496 3250 agere,
513 3153 544 3213 in
559 3154 660 3214 amicis
675 3153 792 3227 habere,
809 3156 899 3234 magis
915 3155 1065 3234 magisque
1081 3175 1150 3216 eum
1166 3157 1196 3216 in
1212 3156 1273 3216 dies

218 3238 367 3319 amplecti,
389 3239 497 3318 qnippe
518 3237 600 3300 cuius
620 3256 715 3318 neque
735 3240 890 3301 consilium
905 3258 1000 3336 neque
1015 3241 1166 3337 inceptum
1181 3241 1273 3301 ullum

183 3339 197 3388 3
217 3325 327 3386 1333333
347 3331 418 3384 3333.
449 3324 507 3384 1333
522 3322 680 3384 adcedebat
694 3325 866 3386 munificent
867 3325 893 3384 ia
908 3325 998 3384 animi
1013 3332 1044 3384 et
1057 3325 1155 3421 ingeni
1148 3325 1273 3391 soller-
1295 3338 1328 3388 33

180 3409 268 3486 3,33,
285 3409 350 3488 quis
365 3409 452 3470 331333
467 3407 522 3468 sibi
537 3407 647 3468 multos
661 3428 696 3469 ex
707 3409 847 3469 Romanis
862 3408 997 3469 familiari
1011 3405 1137 3470 amicitia
1150 3409 1274 3470 coniun-

219 3501 310 3556 xerat.
1163 3521 1165 3526 v

179 3585 199 3645 8
304 3577 345 3638 Ε3
359 3583 534 3654 tempestate
550 3576 581 3636 in
596 3577 723 3638 exercitu
734 3584 836 3638 nostro
847 3577 930 3638 fuere
942 3577 1096 3656 conplures
1107 3578 1175 3638 novi
1186 3584 1273 3655 atque

219 3661 341 3734 nobiles,
358 3661 464 3740 quibus
479 3658 594 3721 divitiae
609 3661 687 3722 bono
702 3661 886 3740 honestoque
902 3669 955 3740 pot
942 3663 1032 3723 tiores
1048 3669 1140 3733 erant,
1160 3661 1274 3722 factiosi

288 3807 429 3858 233331333
445 3810 560 3874 equitare
573 3809 653 3861 11333.
666 3811 749 3860 Dima.
762 3812 809 3873 (se‘c
824 3811 879 3861 cod.
892 3811 924 3876 B,
940 3811 1048 3862 iaculari
1064 3827 1114 3861 om.
1131 3811 1201 3862 codd.
1213 3810 1276 3872 ΑΜ)

220 3875 245 3930 11.
262 3879 297 3926 dc.
314 3871 324 3940 ΙΙ
341 3875 424 3938 gloria
444 3891 493 3926 om.
509 3877 594 3927 Diom.
611 3877 628 3927 1.
645 3891 666 3928 c.
689 3878 698 3944 11
721 3878 822 3929 333333
839 3879 863 3928 Ρ
879 3878 889 3946 ll
908 3883 923 3930 5
942 3878 1026 3930 facere
1044 3886 1069 3928 ot
1091 3879 1217 3928 minimum
1233 3878 1280 3930 PC

218 3947 326 4062 procurata·
336 3958 425 4061 upupa,
419 3951 463 4006 ,33
481 3944 808 4018 3333113333333111333313
820 3945 959 4014 1333311
980 3947 1138 4012 oportunitas
1151 3963 1186 3997 33
1200 3961 1277 4012 3333-

233 4027 275 4060 uni
315 4025 337 4060 33
