2846 4682
227 381 269 445 34
597 380 623 428 c.
638 377 797 430 succussi
815 377 918 430 cnrsrr
981 405 983 408 -

228 532 466 614 gilare,.uegotiis
481 531 645 594 amicorum
659 532 791 594 intentus
806 549 860 592 sua
875 531 1041 610 neglegere,
1059 531 1132 592 nihil
1148 531 1292 612 denegare

229 617 309 698 quod
323 619 402 680 dono
418 617 537 696 dignum
554 625 640 686 esset,
658 617 714 678 sibi
725 633 865 696 magnum
880 615 1041 694 imperium
1056 615 1217 677 exereitum
1227 615 1291 676 bel·

194 715 208 761 5
229 704 293 764 lum
311 721 422 766 norom
443 702 612 781 exoptabat,
633 701 684 762 ubi
707 702 797 762 virtus
818 700 978 761 enitescere
997 708 1105 780 posset.
1140 707 1171 761 at
1186 700 1291 760 Catoru

141 839 143 848 .
193 787 363 856 astudium
388 786 549 848 modestiae
572 785 685 847 decoris
707 787 758 846 sed
777 802 915 846 maxume
935 785 1097 847 severitatis
1120 793 1190 846 erat.
1228 801 1290 845 non

229 872 336 952 divitiis
356 889 424 938 cum
446 870 534 932 divite
553 888 649 950 neque
668 870 795 931 factione
814 887 883 930 cum
902 869 1041 942 factioso,
1062 870 1114 930 sed
1129 888 1198 930 cum
1212 876 1289 930 stre-.
1310 879 1326 928 a

230 975 289 1018 nuo
314 956 421 1018 virtute
447 975 515 1017 cum
541 956 676 1015 modesto
701 955 814 1033 pudore
843 973 912 1014 curn
939 955 1096 1016 innocente
1116 953 1289 1015 abstinentia

145 1049 149 1060 ⁸
230 1041 375 1112 certabat,
397 1059 461 1101 esse
482 1059 571 1119 quam
592 1039 682 1101 videri
696 1039 792 1100 bonus
807 1038 946 1100 malebat:
963 1039 1002 1100 ita
1017 1058 1076 1118 quo
1092 1039 1191 1099 minus
1206 1046 1290 1117 pete-

230 1125 280 1187 bat
293 1125 424 1205 gloriam,
441 1143 476 1184 eo
492 1124 584 1203 magis
599 1123 682 1186 illum
697 1123 882 1202 sequebatur.

168 1225 209 1282 55
315 1211 490 1288 Postquam,
507 1215 540 1269 ut
554 1208 624 1280 dixi,
640 1217 759 1270 senatus
774 1208 806 1270 in
820 1207 938 1269 Catonis
953 1207 1130 1268 sententiam
1146 1205 1288 1279 discessit,

118 1291 123 1304 '
231 1294 333 1356 consul
353 1301 510 1372 optumum
529 1293 608 1354 lactu
630 1301 711 1354 ratus
731 1300 849 1354 noctem
869 1309 943 1370 quae
961 1291 1089 1352 instabat
1108 1297 1286 1369 antecapere,
1312 1299 1343 1350 10

194 1420 201 1424 a
230 1378 340 1458 nequid
355 1397 390 1438 eo
406 1378 501 1456 spatio
516 1386 683 1450 novaretur,
699 1377 869 1438 triumviros
884 1395 959 1456 quac
974 1377 1028 1453 [ad]
1044 1375 1219 1454 supplicium
1234 1394 1290 1454 po-

194 1476 209 1526 2
230 1463 356 1524 stulabat
370 1481 471 1542 parare
486 1463 583 1536 iubet,
595 1463 662 1542 ipse
677 1461 826 1541 praesidiis
842 1461 989 1540 dispositis
1003 1461 1162 1522 Lentulum
1177 1459 1208 1519 in
1224 1477 1288 1520 car·

195 1561 209 1609 3
230 1566 327 1620 cerem
343 1547 469 1608 deducit.
495 1547 573 1607 idem
588 1547 621 1606 lit
635 1547 738 1608 ceteris
753 1563 805 1624 per
819 1553 978 1624 praetores.
1010 1545 1099 1606 estin
1113 1561 1228 1605 carcere
1243 1544 1289 1604 lo-

230 1651 282 1693 cus
298 1631 378 1710 quod
392 1631 560 1692 Tullianum
576 1631 750 1710 appellatur,
766 1629 817 1690 ubi
831 1629 983 1708 paululum
998 1629 1164 1690 ascenderis
1180 1629 1216 1690 ad
1227 1629 1287 1688 lae-

193 1729 210 1776 4
232 1736 312 1789 vam,
337 1715 451 1777 circiter
470 1715 624 1776 duodecim
645 1715 734 1796 pedes
756 1715 840 1775 humi
860 1714 1026 1792 depressus.
1059 1731 1129 1774 eum
1149 1712 1289 1774 muniunt
1310 1723 1341 1772 15

230 1801 359 1880 undique
373 1801 498 1880 parietes
512 1808 600 1879 atque
615 1800 736 1879 iusuper
749 1817 864 1860 camera
876 1798 995 1878 lapideis
1006 1798 1168 1860 fornicibus
1179 1797 1287 1870 iuncta,

230 1887 282 1947 aed
302 1885 415 1946 incultu
434 1885 564 1961 tenebris
584 1885 674 1945 odore
693 1884 778 1944 foeda
797 1891 886 1962 atque
900 1883 1038 1944 terribilis
1053 1883 1115 1944 eius
1128 1881 1218 1942 facies
1233 1889 1287 1943 est

194 1981 209 2029 5
229 1971 261 2030 in
281 1989 350 2030 eum
364 1969 462 2030 locum
477 1977 635 2048 postquam
650 1969 794 2030 demissus
810 1975 854 2030 est
869 1967 1025 2041 Lentulus,
1046 1967 1173 2028 vindices
1188 1985 1288 2028 rerum

193 2061 209 2111 6
230 2054 412 2132 capitalium,
433 2055 540 2132 quibus
562 2059 751 2133 praeceptum
766 2061 845 2124 erat,
865 2053 968 2132 laqueo
983 2054 1081 2130 gulam
1095 2053 1217 2130 fregere.
1248 2051 1288 2112 ita

229 2139 277 2198 ille
299 2138 438 2217 patricius
465 2157 502 2198 ex
525 2145 612 2216 gente
632 2137 803 2198 clarissuma
823 2137 1039 2210 Corneliorum,
1062 2137 1114 2215 qni
1136 2136 1342 2196 consularem

230 2223 387 2302 imperium
402 2223 513 2282 Rornae
533 2221 687 2292 habuerat,
709 2222 830 2300 dignum
845 2221 976 2282 moribus
992 2221 1135 2300 factisque
1149 2220 1211 2281 suis
1226 2220 1287 2280 exi·

229 2307 304 2368 tium
327 2307 402 2367 vitae
423 2306 544 2367 invenit.
580 2307 616 2367 de
636 2307 762 2386 Cethego
788 2306 902 2376 Statilio
927 2306 1049 2367 Gabinio
1072 2305 1209 2386 Caepario
1235 2323 1287 2364 eo-

230 2392 297 2451 dem
312 2392 401 2452 modo
416 2391 591 2470 supplicium
606 2398 759 2470 sumptum
774 2390 828 2452 est.
1212 2435 1214 2442 .

167 2479 209 2538 bd
315 2475 392 2536 Dum
406 2493 440 2535 ea
454 2475 566 2536 Romae
579 2483 734 2554 geruntur,
752 2475 874 2536 Catilina
889 2493 923 2535 ex
939 2475 1021 2540 omni
1037 2475 1132 2553 copia,
1155 2492 1243 2554 quam
1258 2481 1288 2534 et

193 2574 208 2622 2
229 2559 292 2638 ipse
312 2559 472 2622 adduxerat
486 2567 515 2619 et
528 2558 652 2620 Manlius
667 2560 822 2632 babuerat,
844 2560 917 2620 duas
932 2560 1059 2638 legiones
1074 2559 1215 2630 instituit,
1235 2577 1286 2618 co-
1308 2563 1341 2613 2⁵

229 2643 321 2704 hortis
340 2662 395 2722 pro
410 2643 678 2709 numer-omilium
693 2644 833 2724 complet,
856 2643 973 2715 deinde,
995 2651 1029 2704 ut
1043 2644 1168 2724 quisque
1183 2643 1286 2704 voluu-

229 2728 320 2789 tarius
335 2735 386 2790 aut
400 2748 435 2790 er
449 2729 537 2790 sociis
552 2729 583 2789 in
597 2737 691 2790 castra
705 2735 837 2802 venerat,
857 2729 1018 2808 aequaliter
1032 2728 1233 2799 distribuerat,
1254 2745 1289 2788 ac

229 2812 309 2874 brevi
328 2813 423 2892 spatio
440 2813 570 2892 legiones
591 2831 716 2874 numero
736 2813 893 2874 hominum
914 2813 1091 2892 expleverat,
1114 2831 1182 2872 curn
1203 2811 1287 2872 initio

192 2910 207 2958 a
228 2914 288 2956 non
299 2897 425 2976 amplius
437 2897 551 2958 duobus
564 2898 683 2958 milibus
695 2897 853 2958 habuisset.
876 2898 927 2961 sed
939 2917 975 2958 ex
987 2897 1068 2957 omni
1079 2896 1162 2974 copia
1172 2895 1289 2956 circiter

229 2999 295 3058 pars
310 2989 413 3060 quarta
428 2988 490 3042 erat
505 2981 678 3042 militaribus
693 2981 783 3042 armis
798 2981 954 3054 instructa,
971 2980 1073 3051 ceteri,
1090 2987 1123 3042 ut
1138 2997 1286 3058 quemque
1308 2983 1342 3036 30

228 3083 313 3125 casus
329 3073 504 3139 armaverat,
521 3083 621 3144 sparos
637 3071 687 3126 aut
697 3065 821 3136 lanceas,
839 3065 886 3125 alii
904 3072 1072 3144 praeacutas
1088 3065 1169 3124 sudis
1185 3072 1285 3142 porta-

192 3166 207 3214 4
229 3149 307 3210 bant.
324 3150 376 3210 sed
386 3149 694 3230 postquamdntonius
702 3167 769 3209 cum
778 3149 908 3210 exercitu
915 3149 1097 3221 adventabat,
1104 3147 1225 3210 (atilina
1233 3167 1286 3226 per

229 3233 337 3294 montis
352 3234 408 3294 iter
421 3235 530 3306 facere,
550 3235 642 3294 modo
662 3234 698 3294 ad
712 3233 816 3294 urbem
832 3234 922 3294 modo
937 3234 969 3294 in
983 3233 1104 3294 Galliam
1119 3251 1221 3294 vorsus
1237 3251 1285 3294 ca-

295 3413 310 3464 8
328 3430 357 3464 eo
370 3417 450 3480 magis
461 3417 533 3476 illum
546 3417 727 3484 assequebatur
736 3415 787 3478 PC,
800 3431 910 3482 quornm
921 3417 1017 3483 altipuot
1029 3417 1107 3480 illuni,
1119 3433 1187 3468 anas
1196 3432 1284 3483 seque·
1311 3443 1312 3448 =

227 3483 301 3532 batur
312 3485 448 3546 crediderim
461 3501 490 3535 co
504 3486 575 3536 illum
587 3486 666 3550 magis
679 3485 830 3550 sequebatur
841 3486 985 3551 Angustia.
997 3501 1019 3535 c.
1031 3485 1147 3550 d.5,12;
1160 3500 1181 3535 a.
1194 3501 1226 3534 m.
1239 3485 1283 3536 illa

190 3615 192 3622 Ι
226 3549 378 3614 sequebatur
388 3568 456 3602 anas
467 3569 503 3602 ecc
513 3571 528 3604 z
540 3553 550 3620 ll
563 3555 578 3603 9
602 3561 704 3605 senatus
722 3570 743 3602 s.
756 3569 777 3603 s.
791 3554 821 3604 P.
834 3551 844 3621 ll
859 3555 890 3603 1o
908 3551 1049 3604 facturatus
1066 3570 1101 3602 eae
1113 3551 1225 3603 iacturas
1238 3550 1282 3618 Pll

226 3624 375 3682 antecapere
391 3639 496 3668 *italie*
514 3636 544 3670 ne
562 3621 605 3684 ΡΙΙ
620 3621 648 3670 ll
667 3620 826 3672 triumuiros
844 3637 907 3688 quae
925 3623 956 3671 ad
974 3621 1122 3687 supplicium
1139 3620 1283 3686 postolabnt

225 3698 317 3748 parare
329 3687 374 3747 (ecc
386 3689 484 3751 parere)
497 3689 521 3738 P
533 3692 559 3738 et
570 3691 606 3738 ete
617 3689 677 3754 fera
692 3688 784 3752 Cloiet
794 3690 861 3754 quod
871 3693 897 3739 tn
908 3692 999 3756 paneis
1011 3689 1041 3738 ad
1053 3705 1158 3739 erasum
1170 3687 1209 3738 vel
1219 3705 1240 3737 s.
1253 3704 1283 3751 a,

225 3755 251 3800 in
267 3766 317 3801 uno
329 3753 499 3819 postulabant)
513 3754 522 3820 ΙΙ
538 3757 568 3806 12
585 3756 611 3804 ἰιι
625 3773 647 3806 s.
661 3774 682 3807 r.
701 3758 782 3818 (orac.
799 3758 843 3820 adt
857 3757 881 3806 P
891 3755 901 3823 ΙΙ
917 3759 946 3805 lt
959 3757 1104 3806 ascenderis
1117 3755 1166 3820 PC,
1180 3755 1284 3805 descen·-

225 3817 293 3868 deris
302 3835 323 3882 a,
334 3822 476 3872 ascenderis
486 3823 632 3873 Petraeites
644 3821 654 3888 ll
670 3825 699 3873 16
712 3824 797 3874 iuncta
807 3824 857 3886 PC,
872 3825 954 3874 uincta
970 3823 1009 3892 Cli
1026 3826 1053 3872 lt
1073 3825 1170 3874 incultu
1181 3822 1232 3888 PC,
1244 3823 1283 3872 in-

225 3887 293 3937 culta
305 3886 325 3936 C
335 3887 344 3954 ΙΙ
358 3889 434 3938 odere
443 3891 466 3938 P
477 3889 487 3954 ll
503 3889 533 3939 18
546 3890 643 3938 Ιο***οᾱ
652 3892 675 3940 P
684 3893 707 3952 (o
717 3892 773 3954 fuit
781 3895 821 3954 at)
835 3889 844 3958 fl
858 3891 969 3942 lentulus
979 3892 1090 3942 uindices
1101 3891 1127 3953 C,
1137 3891 1247 3942 lentulus
1257 3897 1283 3941 et

225 3955 318 4004 indicc's
331 3955 363 4017 P,'
374 3956 485 4005 lentulus
503 3971 548 4021 per
565 3957 659 4006 indices
672 3957 813 4008 deteriores
831 3975 866 4008 ecc
880 3959 901 4009 C
910 3959 920 4026 ΙΙ
935 3961 966 4008 ad
984 3960 1154 4010 corneliorum
1170 3975 1206 4008 erc
1223 3971 1282 4007 cor·

226 4023 291 4072 nella
304 4022 439 4086 (vel-iul)
451 4024 475 4073 P
486 4021 495 4088 11
509 4017 541 4072 33
554 4023 579 4072 iri
591 4017 693 4085 galliam
706 4024 790 4076 Prisc
802 4025 892 4078 aolaII
900 4037 925 4094 p:
938 4027 1003 4091 5243
1021 4027 1108 4076 in‘om.
1122 4025 1282 4094 PCpraeter‘

223 4089 367 4142 deteriores
379 4090 459 4156 quiin
472 4091 511 4141 vel
521 4092 552 4141 ad
564 4092 658 4140 debent
1187 4110 1191 4115 ··
