2846 4682
597 386 786 442 PRAEFATIO
1179 407 1219 446 111

155 561 220 605 non
241 563 275 605 so
298 545 373 605 bene
391 561 422 606 se
443 544 519 606 dalla
537 545 647 624 Regina
667 563 684 604 o
706 543 780 604 della
798 530 968 604 Vaticana?
984 546 1029 601 est
1047 545 1146 601 autem
1167 557 1218 600 00-

157 647 215 708 dex
229 646 402 726 Reginensis
418 664 447 707 n.
467 645 558 707 1283.
589 664 678 726 quem
697 644 777 706 nacti
796 643 883 706 amici
897 641 955 704 mei
968 641 1123 706 Eduardus
1138 641 1218 702 Lob-

152 747 257 809 bertus
268 748 385 811 Ulricns
395 748 539 809 thlerus
550 749 700 826 Augustus
711 745 923 808 Wilmannsius
938 763 1005 833 mea
1019 762 1106 808 causa
1121 763 1218 805 mem-

154 849 316 911 branarum
331 851 508 930 scripturam
523 868 591 912 cum
607 849 740 928 exemplo
755 847 869 909 llaiauo
884 846 1017 926 religiose
1029 864 1218 926 comparave-

155 958 235 1012 runt.
267 971 327 1031 quo
348 952 426 1012 11610
449 971 629 1032 quamquam
645 951 680 1012 de
695 949 816 1028 singulis
831 950 893 1009 1616
907 947 1038 1028 apicibus
1053 947 1217 1010 litterarum

156 1053 274 1114 abunde
295 1044 425 1126 constat,
443 1062 544 1114 tamen
558 1053 733 1115 Marinianas
748 1052 887 1112 lectiones
902 1057 1019 1112 tantum
1034 1067 1096 1111 non
1111 1067 1216 1110 omnes

155 1155 321 1216 adscribere
340 1156 437 1216 visum
456 1164 513 1216 est:
535 1172 605 1216 nam
625 1173 717 1234 pauca
737 1154 880 1233 quaedam
900 1153 1035 1214 videntur
1054 1159 1083 1213 et
1102 1151 1172 1213 huic
1187 1160 1217 1212 et

154 1254 317 1318 Niebuhrio
332 1258 438 1319 clarius
453 1257 523 1319 olim
539 1256 707 1337 apparuisse
723 1275 813 1336 quam
828 1273 907 1316 nunc
921 1261 1069 1335 apparent.
1096 1261 1217 1316 noverat

155 1365 255 1418 autem
276 1359 399 1420 schedas
414 1359 477 1421 illas
492 1359 665 1420 Marinianas
681 1358 866 1432 Garatonius,
883 1377 941 1436 qua
957 1357 992 1417 de
1007 1375 1039 1416 re
1054 1355 1090 1417 61.
1107 1355 1215 1436 Kreys-

156 1459 246 1538 sigius
262 1461 525 1522 Commentationis
540 1463 576 1522 de
592 1461 710 1522 Sallusti
724 1459 895 1538 fragmentis
910 1479 939 1539 p.
957 1460 986 1519 7.

239 1561 338 1622 Habes
353 1562 448 1642 igitur,
465 1564 569 1636 lector,
590 1563 643 1624 has
659 1562 904 1624 Sallustianorum
918 1560 1062 1622 librorum
1076 1561 1213 1642 reliquias

156 1679 260 1723 omnes
286 1665 451 1746 recognitas
479 1667 515 1726 ad
536 1665 624 1726 fidem
645 1665 836 1744 antiquorum
856 1663 1009 1724 librorum.
1046 1663 1153 1744 quibus
1173 1666 1214 1726 ita

156 1780 230 1825 usus
245 1784 323 1839 sum,
338 1775 373 1828 ut
387 1769 511 1828 aliorum
526 1767 636 1828 meisve
653 1766 829 1828 coniecturis
844 1765 1014 1844 parcissime
1030 1765 1212 1828 indulserim.

154 1881 224 1926 nam
237 1868 421 1947 opinationes
433 1876 577 1942 extruere,
589 1869 672 1950 prius
684 1886 774 1948 quam
784 1868 1012 1931 fundamentum
1024 1885 1111 1947 opere
1120 1869 1213 1930 solido

154 1969 323 2042 muniveris,
340 1970 486 2032 lubricum
501 1979 614 2032 estnec
628 1971 707 2032 volui
722 1969 799 2031 aliud
815 1988 904 2049 quam
918 1969 948 2030 id
964 1970 1079 2031 efficere
1090 1978 1133 2043 ut,
1147 1970 1213 2050 qui·
1246 2031 1248 2034 .

153 2067 210 2130 bus
229 2072 319 2132 crisin
339 2073 459 2134 Sallusti
478 2079 602 2135 tractare
624 2073 809 2153 propositum
825 2078 879 2144 est,
896 2090 932 2132 ex
946 2071 1071 2133 turbidis
1090 2072 1214 2152 altisque

154 2173 367 2252 exemplarium
385 2175 462 2234 male
481 2175 626 2236 lectorum
647 2183 698 2236 aut
717 2193 839 2255 prorsus
854 2174 1003 2235 inutilium
1018 2175 1101 2254 quasi
1116 2175 1214 2236 111611-

96 2281 101 2286 ·
152 2269 209 2334 bus
224 2292 372 2364 emergere
385 2275 509 2356 possint.
535 2294 590 2338 uec
604 2285 704 2337 tamen
718 2277 824 2338 stolide
838 2284 911 2355 puto
926 2295 975 2336 me
989 2277 1126 2346 codicum,
1140 2277 1213 2338 scri-

153 2382 253 2454 pturas
268 2377 434 2449 retinuisse,
450 2379 543 2439 immo
557 2379 681 2439 libenter
695 2379 792 2458 recepi
808 2385 901 2439 certas
913 2380 1132 2441 emendationes
1148 2397 1212 2452 cer-

153 2477 226 2536 tisve
240 2479 404 2556 proximae,
420 2479 509 2540 veluti
523 2481 559 2542 de
576 2481 682 2560 quibus
697 2479 753 2560 ipsi
768 2488 905 2542 auctores
920 2481 1093 2560 propediem
1108 2475 1213 2561 dispu-.

152 2577 259 2639 tabunt
276 2581 540 2642 Mommseniauam
559 2602 588 2662 p.
609 2582 659 2655 65,
679 2581 717 2642 13
738 2590 768 2644 et
787 2581 1005 2644 Htibnerianam
1024 2603 1053 2662 p.
1072 2583 1141 2656 118,
1159 2584 1209 2643 25.

238 2679 369 2760 Denique
384 2684 490 2761 gratias
506 2703 589 2764 agere
605 2702 706 2745 meum
720 2692 793 2764 puto
808 2685 851 2744 eis
866 2684 944 2757 viris,
961 2703 1088 2763 quorum
1100 2684 1213 2764 egregia

151 2780 323 2843 liberalitate
338 2783 418 2847 licuit
433 2787 581 2848 codicibus
596 2804 687 2848 manu
699 2786 815 2865 scriptis
827 2784 954 2846 Berolini
965 2787 1017 2860 uti,
1034 2803 1130 2866 neque
1139 2805 1212 2848 1616

151 2883 281 2945 minores
297 2885 399 2948 amicis
410 2888 494 2961 meiS,
511 2908 527 2950 a
542 2889 649 2968 quibus
663 2887 798 2950 facillime
813 2887 966 2968 impetravi
981 2895 1015 2950 ut
1029 2889 1120 2950 libros
1133 2898 1184 2952 aut
1196 2909 1212 2952 a

152 3001 200 3044 me
211 2987 343 3048 oculatos
357 2988 465 3050 iterum
476 2991 653 3070 inspicerent
664 2996 715 3052 aut
726 3009 741 3050 a
753 3010 802 3052 me
813 3008 874 3051 nou
885 2991 962 3053 visos
973 2993 1213 3072 pervestigarent.

169 3213 170 3221 ἵ
258 3125 367 3204 Scripsi
381 3127 509 3188 Berolini
523 3148 563 3189 m.
579 3128 663 3190 lunio
678 3127 897 3190 nnccutxvl.
