2846 4682
464 349 507 401 nn
525 349 632 402 annuo
650 349 857 404 rucuurnxno
1150 359 1189 420 51

122 512 187 566 tem
200 521 374 585 nomenque
389 505 599 584 imperantium
614 523 795 568 concessere.
830 514 934 588 postea
948 508 1125 582 Phoenices,
1144 510 1192 570 clii
1203 513 1244 576 19

124 590 327 651 multitudiuis
343 590 424 650 domi
438 590 616 654 minuendae
636 592 742 671 gratia,
762 610 831 672 pars
853 593 959 673 imperi
974 594 1110 674 cupidine
1131 595 1192 674 sol-

124 675 234 737 licitato
253 673 340 754 plebe
359 681 390 735 et
404 674 468 736 aliis
482 693 626 738 novarum
640 685 747 756 perum
768 677 873 752 avidis,
889 678 1058 760 Hipponem
1075 679 1192 742 Hadru·

125 767 242 821 metum
252 760 369 838 Leptim
380 759 511 840 aliasque
522 762 604 822 urbis
620 762 652 822 in
668 781 720 822 ora
736 763 894 824 manturna
910 763 1067 825 condidere
1083 783 1193 844 eaeque

87 861 102 908 5
124 845 208 906 brevi
222 845 352 906 multum
368 851 469 906 auctae
489 864 557 924 pars
573 845 734 926 originibus
752 847 814 908 suis
834 848 980 927 praesidio
1003 848 1075 909 aliae
1094 849 1192 910 decori

123 930 218 992 fuere.
241 947 312 990 nam
327 929 364 990 de
380 930 552 1009 Carthagine
566 931 652 993 silere
664 932 770 992 melius
780 938 855 1012 puto
867 951 956 1011 quam
966 951 1072 1012 parum
1083 933 1190 1006 dicere,
1213 944 1228 993 2

125 1015 268 1094 quoniam
283 1015 338 1074 alio
353 1032 511 1094 properare
525 1022 645 1096 tempus
660 1024 773 1077 monet.

211 1098 305 1178 lgitur
318 1099 354 1160 ad
370 1099 593 1174 Catabathmon,
611 1101 661 1179 qui
675 1101 757 1163 locus
772 1101 937 1182 Aegyptum
952 1102 989 1164 ab
1003 1101 1100 1163 hirica
1115 1101 1189 1162 divi-
1211 1113 1227 1163 3

128 1184 181 1256 dit,
197 1184 329 1246 secundo
344 1185 418 1244 mari
433 1185 529 1264 prima
546 1186 656 1264 Cyrene
673 1195 726 1259 est,
744 1185 857 1247 colonia
872 1185 1040 1259 Theraeon,
1057 1205 1090 1248 ac
1105 1187 1189 1248 dein-

70 1282 104 1332 10
126 1287 196 1349 ceps
221 1269 296 1330 duae
318 1269 418 1348 Syrtes
442 1270 578 1349 interque
598 1290 648 1331 eas
667 1271 782 1350 Leptis,
805 1271 912 1332 deinde
930 1271 1093 1333 Philaenon
1113 1289 1189 1344 arae,

125 1372 215 1433 quem
230 1354 329 1414 locum
344 1354 508 1434 Aegyptum
522 1373 626 1416 vorsus
640 1355 732 1415 mem
746 1356 853 1434 imperi
866 1356 996 1417 habuere
1008 1357 1190 1436 Carthagini·

125 1455 221 1510 enses,
238 1445 308 1517 post
322 1437 394 1499 aliae
410 1439 537 1500 Punicae
553 1439 652 1500 urbes.
684 1447 781 1500 cetera
797 1439 861 1502 loca
876 1457 971 1518 usque
987 1441 1024 1502 ad
1038 1440 1185 1502 hlaureta-
1207 1455 1224 1504 4

124 1523 205 1584 niam
230 1522 375 1583 Numidae
402 1530 519 1596 tenent,
545 1525 683 1602 proxumi
708 1524 846 1604 Hispania
869 1524 963 1586 Mauri
986 1532 1065 1586 sunt.
1100 1537 1226 1605 supera

124 1607 294 1669 Numidiam
310 1607 448 1679 Gaetulos
473 1609 638 1688 accepimus
653 1609 761 1688 partim
777 1610 808 1670 in
822 1610 946 1689 tuguriis
966 1610 1038 1670 alios
1050 1611 1189 1672 incultius

71 1708 103 1758 15
125 1710 211 1772 vagos
231 1692 354 1772 agitare,
375 1699 444 1771 post
458 1711 510 1754 eos
524 1693 683 1772 Aethiopas
698 1711 777 1766 esse,
799 1694 907 1755 dehinc
920 1693 984 1756 loca
1000 1702 1104 1756 exusta
1118 1694 1188 1755 solis
1210 1706 1226 1756 6

124 1777 287 1839 ardoribus.
318 1777 405 1856 igitur
419 1777 496 1838 bello
510 1778 683 1858 Iugurthino
699 1779 838 1858 pleraque
853 1797 889 1839 ex
904 1779 1021 1840 Punicis
1037 1779 1145 1858 oppida
1159 1786 1189 1840 et
1210 1791 1225 1838 7

123 1863 190 1923 finis
205 1861 499 1941 Carthaginiensium,
516 1881 591 1942 quos
605 1863 775 1924 novissume
789 1864 968 1936 habuerant,
984 1863 1112 1943 populus
1126 1865 1189 1924 llo-

124 1965 230 2008 manus
250 1965 304 2025 per
324 1947 511 2026 magistratus
531 1948 767 2019 administrabat,
784 1947 977 2009 Gaetulorum
996 1966 1101 2028 magna
1121 1967 1189 2028 pars

125 2039 154 2092 et
175 2031 320 2092 Numidae
344 2050 439 2112 usque
460 2033 496 2093 ad
521 2033 633 2094 llumen
652 2031 836 2094 Muluccham
855 2033 911 2094 sub
933 2033 1073 2114 Iugurtha
1094 2041 1189 2106 arant,

70 2129 104 2180 20
125 2117 233 2178 Mauris
248 2116 387 2178 omnibus
401 2135 453 2177 rex
467 2117 600 2178 bocchus
614 2117 816 2198 imperitabat,
837 2126 954 2198 praeter
968 2136 1078 2180 nomen
1093 2125 1190 2180 cetera

126 2203 243 2280 ignarus
263 2202 365 2282 populi
384 2201 510 2263 Romani
529 2203 660 2282 itemque
680 2203 765 2264 nobis
787 2221 884 2282 neque
904 2203 980 2264 bello
1000 2222 1097 2283 neque
1118 2221 1188 2283 pace

127 2293 211 2348 antea
231 2287 374 2365 cognitus.
406 2287 442 2347 de
458 2287 555 2349 Africa
575 2287 688 2349 eteius
708 2288 812 2350 incolis
831 2288 867 2350 ad
881 2289 1131 2350 necessitudinem
1145 2289 1188 2349 rei
1210 2303 1225 2353 8

127 2372 196 2432 satis
211 2371 334 2432 dictum.
683 2424 686 2431 ,

209 2456 382 2535 Postquam·
395 2456 486 2517 diviso
506 2474 596 2536 regno
616 2457 702 2536 legati
715 2457 812 2518 Africa
827 2458 978 2519 decessere
999 2464 1029 2518 et
1048 2457 1188 2536 Iugurtha
1206 2463 1248 2524 20

69 2551 103 2602 25
127 2547 229 2602 contra
243 2541 382 2601 timorem
398 2541 488 2602 animi
502 2541 633 2621 praemia
647 2543 764 2603 sceleris
779 2542 919 2620 adeptum
934 2541 1106 2613 sesexidet,
1123 2559 1188 2602 cer·

125 2633 190 2686 tum
216 2643 281 2686 csse
303 2633 399 2697 ratus,
426 2626 506 2704 quod
531 2645 566 2686 ex
588 2626 688 2688 amicis
714 2625 792 2706 apud
813 2625 1004 2686 Numantiam
1025 2631 1187 2704 acceperat,

125 2711 224 2770 omnia
239 2709 351 2771 Romae
366 2710 477 2771 venaha
492 2729 566 2783 esse,
583 2711 671 2772 simul
686 2717 717 2771 et
730 2711 849 2772 illorum
863 2709 1123 2790 pollicitationibus
1137 2727 1187 2770 ao-

125 2811 241 2867 census,
257 2813 331 2873 quos
345 2795 433 2874 paulo
445 2803 513 2856 ants
525 2795 697 2856 muneribus
709 2795 882 2874 expleverat,
895 2795 926 2854 in
937 2811 1061 2872 regnum
1073 2793 1188 2854 Adher-

124 2881 196 2940 balis
212 2880 346 2940 anianum
360 2880 496 2940 intendit.
534 2881 596 2959 ipse
622 2899 690 2942 acer
707 2879 876 2952 bellicosus,
898 2886 929 2940 at
947 2879 973 2939 is
993 2896 1083 2957 quern
1101 2886 1187 2958 pete-
1208 2897 1224 2946 2

68 2979 102 3030 30
122 2965 173 3026 bat
187 2965 306 3044 quietus
317 2964 454 3034 imbelhs‚
470 2965 584 3044 placido
600 2965 728 3045 ingenio,
746 2972 931 3044 opportunus
942 2963 1074 3036 iniuriae,
1087 2970 1187 3025 metu-

123 3067 177 3111 ens
195 3050 289 3129 magis
310 3069 399 3130 quam
420 3050 607 3112 metuendus,
637 3050 727 3130 igitur
744 3050 943 3129 exinproviso
958 3049 1024 3109 finis
1040 3049 1103 3110 eius
1119 3067 1187 3110 cum
1209 3067 1224 3115 3

124 3153 229 3214 magna
256 3151 347 3195 manu
371 3135 494 3207 invadit,
520 3135 631 3196 multos
656 3135 788 3195 mortalis
809 3153 878 3195 curn
898 3151 1006 3214 pecore
1025 3141 1113 3212 atque
1133 3133 1189 3194 alia

123 3220 231 3298 praeda
246 3220 333 3298 capit,
349 3220 480 3281 aedilicia
490 3220 629 3293 incendit,
641 3219 780 3299 pleraque
791 3219 855 3281 loca
864 3219 1013 3280 hostiliter
1022 3236 1091 3279 cum
1103 3218 1187 3296 cqui-

123 3311 188 3365 tatu
215 3303 344 3377 adcedit,
373 3305 477 3365 deinde
503 3323 571 3366 cum
592 3305 674 3365 orani
693 3304 881 3364 multitudine
904 3303 935 3362 in
954 3319 1078 3380 regnum
1098 3319 1187 3361 suum
1208 3319 1225 3369 4

72 3399 103 3451 35
124 3389 279 3462 convortit,
295 3390 477 3450 existumans
488 3388 683 3450 Adherbalem
695 3389 794 3448 dolore
806 3393 976 3466 permotum
988 3384 1109 3444 iniurias
1119 3402 1187 3444 suas

124 3492 215 3536 manu
233 3473 449 3536 vindicaturum
469 3492 593 3553 eamque
608 3492 673 3536 rem
687 3473 756 3533 belli
770 3489 889 3532 oausam
900 3469 973 3532 iore.
996 3476 1027 3529 at
1037 3468 1095 3542 ille,
1108 3469 1187 3548 quod
1208 3485 1223 3536 s

123 3575 219 3639 neque
243 3578 276 3619 se
296 3577 398 3638 parem
418 3559 508 3620 armis
528 3557 725 3620 existumabat
744 3563 774 3617 et
793 3555 920 3616 amicitia
938 3553 1040 3634 populi
1061 3554 1188 3614 Romani

124 3645 215 3723 magis
231 3661 321 3722 quam
336 3643 471 3704 Numidis
485 3644 579 3704 fretus
594 3649 669 3714 erat,
692 3642 802 3720 legatos
818 3641 854 3701 ad
869 3640 1041 3718 Iugurtham
1056 3638 1093 3699 de
1108 3639 1187 3699 iniu-

125 3728 176 3788 riis
193 3735 335 3808 questum
354 3728 445 3789 misit.
477 3727 527 3806 qui
547 3727 668 3788 tametsi
683 3725 896 3787 contumeliosa
911 3724 988 3786 dicta
1002 3724 1186 3795 rettuderam,

193 3945 209 3994 3
227 3945 404 4024 hadrymetum
415 3945 439 3995 P
450 3943 460 4024 ΙΙ
475 3945 507 3996 10
525 3945 653 4012 phylenon
670 3942 715 4024 Pl}
730 3943 760 3994 13
776 3945 891 4024 proximi
907 3944 1023 4010 hispania
1038 3943 1189 3992 Amenanus

124 4028 150 4077 p.
165 4013 230 4078 252,
241 4027 353 4078 praxum
364 4014 491 4078 haspamcs
502 4014 537 4075 P,
554 4013 668 4077 proxime
684 4015 824 4079 hispaniam
837 4011 878 4080 ΟΙΙ
893 4013 924 4062 15
942 4012 1080 4077 aethyopas
1097 4005 1142 4072 Pl
1157 4007 1204 4056 18*

127 4095 184 4144 pras
197 4083 222 4130 P
233 4079 243 4146 ΙΙ
267 4077 279 4147 ss
292 4079 325 4130 28
343 4080 553 4131 antemameribus
567 4082 633 4148 (sup.
646 4093 661 4131 a
672 4079 812 4132 sanandam
823 4096 840 4130 v
850 4083 879 4147 p)
892 4081 917 4129 P

953 4160 988 4211 4,
