2854 4678
436 344 624 398 ounnonns
634 345 686 396 ET
703 345 886 398 nnlsnunnn
1132 352 1191 414 113

131 500 187 561 bus
198 499 338 578 praedam
353 518 427 560 esse.
451 500 521 560 satis
536 501 584 560 illa
598 500 716 573 fuerint,
734 519 809 580 quae
823 501 903 562 rabie
919 505 1067 562 contracta
1081 502 1190 563 tolera·
1215 511 1247 562 12

131 584 237 656 vimus,
255 603 359 644 manus
372 585 555 646 conserentis
570 585 646 647 inter
657 605 689 646 se
701 585 851 648 Romanos
865 585 1009 647 exercitus
1024 593 1054 647 et
1065 587 1192 664 armaab

132 671 261 730 externis
283 669 313 730 in
333 677 452 730 nosmet
466 688 560 730 vorsa.
590 669 736 730 scelerum
752 681 781 730 et
796 672 1041 731 contumeliarum
1059 672 1193 733 omnium

132 753 199 814 finis
221 753 270 814 sit.
300 771 428 832 quorum
450 755 523 815 adeo
540 755 650 816 Sullam
666 772 727 816 non
741 755 884 833 paenitet,
900 763 933 815 ut
948 761 978 814 et
992 755 1068 816 facta
1083 757 1114 816 in
1128 758 1192 836 glo-

95 838 176 900 oria
191 846 329 899 numeret
345 847 382 910 et,
398 839 423 898 si
438 837 531 911 liceat,
547 839 649 900 avidus
664 839 776 900 lecerit.
971 855 974 860 ·
1115 905 1120 914 ,

217 923 318 1002 Neque
339 923 397 983 iam
414 923 484 1001 quid
500 924 683 984 existumetis
698 925 734 984 de
749 923 814 995 illo,
834 923 885 985 sed
901 931 1045 1003 quantum
1060 924 1191 985 audeatis
1212 931 1246 982 to

133 1026 242 1079 vereor,
259 1026 297 1066 ne
312 1008 385 1068 alius
401 1008 489 1068 alium
501 1008 665 1088 prinoipem
677 1017 861 1088 expectantes
873 1019 940 1068 ante
952 1009 1116 1086 capiamini,
1129 1025 1192 1069 non

133 1092 238 1171 opibus
253 1093 331 1163 eius,
348 1111 422 1170 quae
438 1093 536 1152 futiles
552 1102 581 1152 et
596 1102 757 1174 conruptae
771 1099 851 1165 sunt,
867 1094 918 1154 sed
935 1099 1030 1152 vostra
1045 1093 1197 1164 socordia,

132 1183 151 1252 †
165 1196 255 1255 quam
266 1184 383 1255 raptum
396 1175 432 1236 iri
443 1176 510 1237 licet
522 1185 552 1236 et
566 1196 655 1256 qnam
670 1179 777 1238 audeas
792 1187 852 1238 tam
865 1177 956 1236 videri
970 1177 1094 1236 felicem.
1121 1195 1191 1237 nam
1213 1185 1241 1236 22

80 1274 111 1322 to
131 1272 247 1341 praeter
271 1261 409 1322 satellites
435 1261 655 1323 conmaculatos
676 1263 865 1340 quiseadem
885 1262 945 1322 volt
966 1268 1016 1321 aut
1043 1261 1108 1339 quis
1129 1279 1190 1322 non

132 1347 231 1408 omnia
243 1317 353 1406 Mutata
364 1353 480 1425 praeter
494 1343 658 1406 victorem?
674 1347 784 1406 scilicet
795 1345 912 1415 milites,
926 1364 1055 1424 quorum
1071 1346 1190 1424 sangni-
1202 1333 1218 1354 ²

130 1449 166 1492 ne
182 1431 305 1492 Tarulae
322 1431 490 1509 Scirtoque‚
511 1431 659 1508 pessumis
674 1449 842 1500 servorum,
867 1429 981 1490 divitiae
996 1437 1096 1508 partae
1111 1437 1189 1490 sunt.

130 1533 167 1576 an
188 1515 295 1595 quibus
311 1517 456 1594 praelatus
477 1514 507 1574 in
522 1515 739 1594 magistratibus
755 1513 905 1597 capiundis
925 1513 1072 1586 Fufidius,
1089 1515 1191 1575 ancilla

130 1601 235 1679 turpis,
252 1599 401 1660 honorum
417 1599 551 1660 omnium
566 1595 888 1659 dehonestamentum?
909 1598 1008 1676 itaque
1021 1616 1189 1660 maxumam
1212 1605 1244 1655 22

81 1700 110 1748 15
131 1685 204 1746 mihi
219 1685 355 1745 fiduciam
370 1685 446 1763 parit
461 1683 554 1744 victor
569 1683 726 1754 exercituS,
742 1682 789 1744 cui
804 1701 858 1762 per
872 1690 916 1742 tot
932 1685 1049 1744 volnera
1064 1691 1093 1742 et
1107 1681 1189 1742 labo·

129 1789 178 1831 res
193 1769 267 1830 nihil
280 1778 396 1848 praeter
409 1777 566 1847 tyrannum
583 1767 749 1846 quaesitum
764 1775 816 1828 est.
839 1767 896 1826 nisi
910 1766 986 1826 forte
1002 1767 1188 1827 tribuniciam
1211 1772 1242 1822 23

129 1863 306 1936 potestatem
320 1871 457 1936 evorsum
472 1853 596 1932 profecti
611 1859 681 1912 sunt
695 1871 749 1930 per
763 1870 858 1922 arma,
875 1851 1022 1912 conditam
1037 1869 1052 1910 a
1068 1851 1190 1912 maiori-

129 1939 185 2000 bus
200 1939 271 2007 suis,
287 1938 388 2016 utique
402 1937 466 1997 iura
481 1944 510 1996 et
524 1937 628 2018 iudicia
642 1937 761 1997 sibimet
772 1944 995 2015 extorquerent;
1007 1936 1119 2014 egregia
1131 1935 1189 1997 soi-

129 2024 197 2084 licet
212 2023 356 2094 mercede,
373 2039 441 2082 oum
457 2022 575 2100 relegati
594 2021 625 2081 in
639 2022 760 2100 paludes
778 2027 807 2080 et
825 2021 910 2080 silvas
923 2021 1131 2080 contumeliam
1143 2027 1189 2082 at—

77 2119 111 2168 20
131 2127 189 2189 que
207 2107 346 2168 invidiam
367 2125 466 2178 suam,
486 2107 614 2184 praemia
635 2124 725 2185 penes
744 2123 854 2184 paucos
868 2105 1069 2183 intellegerint.
1089 2123 1191 2184 rquare
1212 2111 1245 2162 24

129 2193 218 2270 igitur
231 2199 314 2252 tanto
330 2191 445 2269 agmine
459 2198 547 2270 atque
561 2190 665 2251 animis
680 2187 812 2250 incedit?
823 2190 889 2268 quia
901 2188 1046 2250 secundae
1056 2209 1104 2250 ros
1116 2189 1191 2250 mire

131 2285 201 2338 sunt
219 2276 296 2336 vitiis
317 2275 465 2354 optentui,
490 2275 597 2354 quibus
613 2275 761 2336 labefactis
776 2293 865 2352 quam
880 2273 1055 2334 formidatus
1071 2282 1115 2334 est
1129 2281 1191 2335 tam

132 2367 346 2422 contemnetur.
373 2360 430 2420 nisi
441 2361 517 2420 forte
529 2359 625 2438 specie
636 2360 808 2421 concordiae
820 2365 850 2418 et
862 2358 949 2437 pacis,
963 2377 1037 2436 quae
1049 2359 1151 2419 sceleri
1163 2366 1193 2420 et

132 2445 287 2526 parricidio
302 2463 357 2505 sno
372 2444 493 2504 nomina
507 2444 619 2503 indidit.
648 2462 746 2523 neque
757 2443 839 2504 aliter
850 2461 912 2502 rem
925 2443 1072 2522 publicam
1084 2451 1114 2504 et
1125 2443 1192 2504 belli

80 2543 112 2592 25
133 2533 223 2592 linem
242 2531 296 2602 ait,
317 2529 372 2589 nisi
394 2535 511 2590 maneat
526 2529 644 2608 expulsa
659 2527 735 2607 agris
750 2527 862 2606 plebes,
883 2527 990 2605 praeda
1006 2527 1094 2587 civilis
1110 2545 1192 2588 acer-

132 2616 275 2686 bissuma,
291 2615 337 2674 ius
352 2613 552 2692 iudiciumque
568 2613 702 2674 omnium
717 2630 816 2672 rerum
832 2628 922 2690 penes
938 2630 979 2682 se,
996 2611 1075 2689 quod
1091 2612 1192 2690 populi

132 2699 258 2761 Romani
272 2699 336 2760 fuit.
367 2717 441 2779 quae
456 2698 482 2758 si
497 2697 579 2758 robis
593 2717 649 2776 pax
665 2705 694 2758 et
710 2695 860 2774 conposita
882 2695 1105 2772 intelleguntur,
1127 2713 1191 2756 ma·
1214 2709 1246 2757 21

133 2803 223 2846 ruma
236 2784 421 2844 turbamenta
434 2783 478 2844 rei
492 2781 625 2861 publicae
640 2789 727 2861 atque
742 2781 829 2840 exitia
843 2780 974 2858 probate,
991 2780 1109 2840 adnuite
1121 2780 1192 2859 legi·

133 2869 189 2930 bus
204 2869 353 2948 inpositis,
375 2867 494 2946 aecipite
516 2867 608 2927 otium
630 2885 698 2926 cum
720 2865 838 2926 servitio
860 2872 890 2924 et
904 2863 1009 2924 tradite
1024 2864 1192 2944 exemplum

80 2964 112 3014 32
133 2955 258 3034 posteris
281 2953 317 3012 ad
337 2971 401 3013 rem
421 2951 569 3031 publicam
588 2951 697 3011 suimet
715 2949 866 3028 sanguinis
881 2949 1015 3009 mercede
1029 2949 1192 3010 circumve-

132 3039 283 3100 niundam.
318 3037 389 3097 mihi
415 3037 596 3115 quamquam
620 3054 674 3114 per
694 3035 752 3095 hoc
771 3053 924 3095 summum
944 3033 1101 3112 imperium
1122 3035 1193 3094 satis
1214 3044 1247 3094 26

134 3123 299 3203 quaesitum
314 3129 377 3183 erat
392 3121 505 3182 nomini
522 3121 680 3194 maiorum,
696 3119 828 3198 dignitati
839 3127 926 3198 atque
938 3119 1026 3178 etiam
1038 3118 1192 3197 praesidio,

132 3216 234 3270 tamen
248 3224 310 3267 non
325 3207 380 3266 fuit
395 3205 550 3266 consilium
565 3205 692 3284 privatas
708 3223 779 3284 opes
792 3203 898 3274 facere,
911 3203 1067 3282 potiorque
1077 3203 1136 3262 visa
1149 3209 1195 3262 est

133 3293 297 3372 periculosa
313 3291 428 3352 libertas
445 3290 544 3370 quieto
560 3289 687 3350 servitio.
711 3306 785 3368 quae
802 3288 827 3347 si
841 3287 981 3366 probatis,
996 3287 1105 3358 adesto,
1119 3285 1192 3356 Qui·
1215 3298 1246 3346 27

83 3378 222 3449 sorites,
244 3376 367 3436 etbene
391 3375 558 3434 iuvantibus
579 3374 652 3434 divis
675 3375 711 3434 M.
736 3370 891 3432 Aemilium
915 3371 1066 3430 consulem
1089 3371 1193 3430 ducem

135 3469 164 3522 et
179 3469 330 3522 auctorem
345 3459 503 3538 sequimini
517 3459 554 3518 ad
569 3457 770 3537 recipiundam
786 3455 960 3516 libertatem.

204 3595 220 3644 6
238 3609 310 3660 quam
323 3601 422 3660 raptum
433 3594 467 3643 iri
479 3593 539 3643 lieet
551 3601 577 3644 et
590 3609 662 3658 quam
674 3593 766 3642 audeas
777 3599 829 3641 tom
842 3591 908 3652 (sic)
923 3589 951 3640 V
960 3592 1054 3654 itaque,
1066 3591 1119 3638 odsi
1128 3588 1197 3655 quod

135 3663 223 3712 audias
235 3663 275 3712 cel
285 3663 376 3712 audeat
387 3679 409 3726 a,
421 3677 492 3727 quam
505 3661 653 3727 captumr're
665 3660 726 3710 licet
738 3667 763 3710 et
775 3674 847 3724 quam
860 3659 950 3708 audeat
961 3665 1012 3706 tam
1024 3655 1134 3721 Cortice,
1143 3657 1196 3706 alia

136 3731 183 3780 olii
198 3731 305 3795 frustra
321 3733 478 3796 temptavere
496 3725 506 3794 11
523 3729 538 3778 8
556 3729 679 3778 uictorem
691 3727 819 3788 Haeccine,
837 3725 971 3775 uictoriam
984 3725 1012 3774 V
1023 3721 1032 3790 ΙΙ
1049 3725 1078 3773 12
1095 3725 1195 3774 turnlae

137 3799 264 3862 scirtoqoc
276 3799 331 3860 (sio)
347 3797 383 3848 V:
395 3797 495 3846 Seirtus
503 3812 595 3846 nomon
607 3795 705 3860 legitur
715 3799 742 3844 io
754 3794 828 3844 titulo
842 3793 868 3842 C.
881 3793 901 3842 I.
915 3793 943 3842 L.
957 3793 1002 3842 ool
1016 3793 1061 3860 lp.
1072 3793 1123 3842 475
1140 3790 1149 3859 11
1163 3793 1195 3841 20

137 3865 308 3929 intellegerint
322 3863 471 3918 Gerluebt‘uo
487 3866 571 3914 nescio
587 3863 668 3913 uode:
687 3879 748 3912 num
765 3865 792 3911 in
805 3861 834 3913 V
848 3865 887 3910 ert
899 3861 1076 3924 intellegerent
1089 3860 1098 3925 {l
1111 3860 1140 3910 21
1155 3875 1196 3908 se-

139 3933 232 3982 cundae
244 3948 286 3982 res
300 3933 328 3984 V
338 3933 464 3998 Porpbpr.
475 3934 501 3980 io
511 3931 571 3982 Hor.
585 3930 667 3997 Epist.
680 3931 708 3996 1,
718 3929 818 3994 testa,
836 3944 877 3978 res
890 3930 1013 3978 secundae
1025 3927 1121 3978 Seneca
1133 3926 1196 3976 Coa·

139 4003 202 4050 troo.
217 3999 242 4050 9.
254 4000 304 4118 ἕξ,
317 3999 351 4048 13
363 3996 374 4066 11
386 4001 416 4048 21
438 3997 576 4064 composita
590 3999 623 4062 V,
642 3998 776 4048 eoncordia
787 3997 871 4047 Aldus
888 3993 897 4062 ΙΙ
915 3997 947 4045 32
965 3995 1092 4060 praesidio
1104 3993 1196 4055 Aldus,

138 4068 240 4132 praedio
1220 4089 1223 4092 -

193 4151 323 4192 Sallustius.
481 4115 483 4121 Ι
979 4146 994 4194 8
