2854 4678
517 1117 839 1182 EPISTULAE

263 1283 1100 1360 3113133111311313111111
1200 1289 1202 1296 ’

547 1463 591 1515 1111
608 1464 655 1516 RE
669 1463 816 1516 rusulum

667 1629 695 1694 1.

237 1754 294 1815 Pro
310 1772 379 1814 vero
395 1759 479 1814 antea
495 1753 643 1832 optinebat
656 1771 745 1832 regna
760 1761 847 1833 atque
859 1755 982 1833 imperia
993 1755 1144 1818 fortunam
1155 1756 1208 1816 do·
1234 1759 1250 1818 1

151 1857 192 1900 no
212 1838 296 1912 dare,
316 1839 387 1899 item
409 1838 463 1899 3113
484 1856 557 1918 quae
577 1857 631 1917 per
645 1839 793 1899 mortaleis
808 1839 889 1899 avide
905 1840 1074 1920 cupiuntur,
1097 1841 1165 1919 quia
1179 1847 1210 1900 et

152 1923 231 2003 apud
250 1923 382 2002 indignos
401 1940 488 2002 saepe
508 1931 591 1984 erant
611 1925 693 2001 quasi
714 1941 768 2002 per
786 1923 936 1984 libidinem
955 1925 1021 1985 data
1035 1942 1130 2004 neque
1147 1925 1210 1984 eui-

153 2026 242 2087 quam
262 2009 430 2086 inoorrupta
450 2014 681 2086 permanserant.
713 2007 765 2067 sed
784 2025 831 2067 res
850 2007 949 2068 doouit
968 2008 998 2069 id
1018 2027 1119 2069 verum
1136 2027 1209 2082 esse,
1232 2022 1247 2071 1

110 2102 127 2150 5
153 2092 233 2172 quod
252 2091 283 2152 in
298 2090 474 2154 carminibus
488 2091 599 2170 Appius
614 2091 668 2162 ait,
686 2089 804 2152 fabrum
819 2110 886 2152 esse
899 2107 968 2152 suae
984 2111 1131 2172 quemque
1146 2094 1209 2153 for-

150 2183 254 2248 tunae,
270 2184 357 2255 atque
372 2175 447 2236 inte
462 2193 614 2240 maxume,
632 2176 681 2253 qui
695 2181 811 2236 tantum
826 2177 897 2237 alios
912 2195 1099 2256 praegressus
1115 2197 1160 2248 es,
1177 2183 1211 2236 ut
1315 2202 1321 2226 1

151 2260 233 2340 prius
248 2259 354 2320 defessi
367 2259 425 2319 sint
436 2260 570 2320 homines
582 2259 726 2319 laudando
738 2260 813 2320 faeta
824 2267 875 2320 tua
886 2279 975 2340 quarn
986 2269 1019 2322 tu
1031 2260 1114 2322 laude
1126 2260 1212 2340 digna
1263 2275 1266 2280 ·

150 2345 297 2406 faciundo.
328 2351 459 2404 ceterum
479 2353 512 2403 ut
531 2343 670 2404 fabricata
690 2344 732 2404 sic
751 2344 858 2405 virtute
878 2352 976 2423 parta,
997 2363 1085 2423 quam
1105 2361 1211 2422 magna
1232 2360 1247 2410 3

151 2429 294 2489 industria
308 2427 425 2488 baberei
440 2427 531 2499 decet,
547 2445 584 2487 ne
596 2427 707 2488 incuria
720 2427 922 2489 deformentur
936 2437 986 2488 aut
1003 2437 1147 2488 conruant
1163 2428 1210 2488 in-

96 2521 129 2568 10
152 2513 275 2574 firmata.
306 2529 394 2570 nemo
411 2511 582 2572 enimalteri
597 2511 1061 2590 11113311311113131133333311131,
1078 2513 1210 2590 quamvis
1232 2529 1247 2575 4

150 2597 246 2658 bonus
261 2603 348 2674 atque
364 2595 492 2655 clemens
507 2595 560 2668 sit,
583 2595 633 2674 qui
647 2596 713 2674 plus
727 2601 825 2674 potest
839 2602 954 2668 tamen,
972 2595 1038 2674 quia
1053 2597 1130 2656 malo
1146 2613 1209 2655 esse

150 2681 232 2753 lieet,
252 2679 455 2740 formeidatur.
485 2679 514 2739 id
534 2698 568 2739 eo
590 2679 699 2752 evenit,
722 2680 790 2758 quia
808 2679 939 2758 plerique
958 2697 1059 2740 rerum
1073 2685 1210 2757 potentes
1231 2695 1246 2742 3

151 2781 289 2844 pervorse
310 2763 468 2824 consulunt
488 2769 517 2824 et
532 2764 566 2822 eo
583 2781 614 2824 se
629 2763 802 2824 munitiores
818 2771 936 2842 putant,
959 2781 1017 2842 quo
1033 2763 1089 2824 illei
1104 2762 1209 2846 quibus
1248 2825 1249 2828 ,

152 2848 322 2928 imperitant
342 2849 497 2926 nequiores
517 2847 609 2928 fuere.
639 2854 669 2908 at
690 2854 791 2908 contra
811 2847 842 2930 111
861 2847 933 2908 eniti
948 2848 1046 2921 decet,
1065 2865 1133 2908 oum
1148 2847 1210 2925 ipse
1231 2853 1247 2909 6

102 2939 133 2988 13
151 2931 247 2993 bonus
261 2941 349 3011 atque
364 2938 502 2992 strenuus
513 2931 562 3003 sis,
578 2931 622 2991 uti
634 2950 722 3010 quam
735 2931 865 3011 optumis
876 2931 1035 3011 imperites.
1061 2949 1128 2991 nam
1141 2949 1210 3010 pes-

152 3035 256 3078 sumus
272 3016 396 3096 quisque
410 3033 580 3094 asperrume
595 3022 739 3076 rectorem
754 3017 872 3094 patitur.
899 3017 951 3077 sed
965 3017 1019 3076 tibi
1029 3015 1086 3076 hoo
1096 3015 1210 3094 gravius
1232 3029 1246 3076 ’1

152 3109 206 3174 est,
224 3117 312 3180 quam
327 3107 394 3160 ante
408 3107 438 3160 te
450 3099 597 3173 omnibus,
614 3099 702 3160 armis
714 3107 796 3178 parta
808 3118 994 3179 componere,
1012 3099 1090 3180 quod
1101 3099 1210 3160 bobum
1232 3111 1247 3162 8

152 3186 278 3247 aliorum
296 3204 365 3264 paee
387 3185 504 3246 mollius
525 3184 647 3263 gessisti.
681 3183 717 3244 ad
732 3185 789 3246 hoo
803 3185 927 3246 victores
942 3185 1080 3264 praedam
1095 3190 1208 3262 petunt,

152 3269 221 3331 victi
243 3269 319 3330 eires
334 3275 412 3328 sunt.
442 3268 519 3328 inter
534 3269 587 3328 has
602 3267 786 3329 difficultates
801 3269 981 3328 evadendum
997 3276 1042 3327 est
1056 3267 1108 3326 tibi
1123 3274 1211 3344 atque

100 3361 132 3412 20
153 3353 184 3414 in
198 3360 351 3432 posterum
366 3352 508 3413 firmanda
522 3370 570 3413 res
584 3351 699 3430 publica
714 3370 775 3412 non
789 3352 878 3416 armis
893 3351 982 3411 modo
998 3367 1094 3428 noque
1105 3349 1210 3409 advor-

152 3455 220 3498 sum
234 3438 337 3510 hostis,
355 3437 420 3509 sed,
438 3437 517 3515 quod
532 3437 625 3496 multo
640 3435 794 3514 multoque
809 3435 940 3513 asperius
955 3441 1016 3502 est,
1032 3432 1115 3512 pacis·
1125 3432 1210 3492 bouis

153 3522 273 3584 artibus.
304 3539 372 3600 ergo
394 3538 498 3582 omnes
519 3537 624 3599 magna
646 3519 785 3580 mediocri
804 3519 945 3598 sapientia
967 3535 1014 3577 res
1038 3519 1096 3577 huo
1115 3523 1208 3589 vocat,
1230 3529 1245 3578 9

154 3623 228 3685 quae
251 3607 374 3686 quisque
396 3612 517 3684 optuma
537 3611 650 3683 potest,
671 3604 732 3664 utei
752 3602 858 3664 dicant.
888 3601 1009 3662 331111111
1024 3600 1208 3662 siovidetur:
1232 3611 1263 3662 10

154 3691 377 3770 qualeioumque
397 3689 487 3749 modo
508 3696 542 3748 tu
562 3688 712 3749 victoriam
735 3686 965 3766 composuereis,
988 3685 1027 3746 ita
1043 3685 1096 3746 alia
1112 3685 1210 3746 omnia

221 3926 248 3974 io
258 3919 287 3972 V
296 3921 503 3990 1333131333Αο
516 3921 692 3982 CAESAREM
705 3921 816 3974 SENEM
824 3940 842 3972 :-
856 3919 899 3972 DE
917 3919 1099 3974 REPUBLICA
1115 3919 1150 3971 IN
1152 3903 1211 3970 (11Ῑῖ

154 3991 358 4076 1111311111
379 4005 480 4058 fortuna
494 4007 522 4058 V
536 4005 545 4072 ΙΙ
563 4008 578 4056 6
597 4021 625 4058 es
642 4009 668 4056 311
684 4023 737 4058 ras.
756 4005 785 4056 V
798 4002 855 4072 1121
875 4005 955 4057 maius
970 4011 1029 4072 poet
1045 4005 1125 4054 multo
1142 4006 1210 4054 inre-

156 4079 216 4124 mnt
227 4074 284 4126 edd.
296 4079 357 4126 vett.
370 4073 380 4142 ΙΙ
393 4076 425 4126 22
443 4075 563 4124 modioori
574 4074 717 4136 Aetolorur,
729 4073 864 4124 mediocris
877 4073 906 4124 V

975 4153 1010 4204 90¹
