2854 4678
466 377 509 428 nn
527 378 634 430 nunno
652 375 862 432 IUGURTHINO
1160 383 1200 442 77

131 532 224 594 animi
248 532 436 604 hortabatur,
462 534 499 594 ab
518 533 633 595 Metello
659 533 782 612 petundi
801 534 894 613 gratia
914 533 1093 595 missionem.
1107 543 1198 615 rogat.

132 617 181 678 cui
196 625 378 696 quamquam
392 617 488 678 uirtus
502 617 593 696 gloria
607 625 696 697 atque
710 619 764 679 alia
779 619 906 698 optanda
916 619 1002 680 bonis
1013 620 1199 698 superabant,

131 709 235 762 tamen
255 699 558 782 inerat'ooutemptor
578 703 694 764 animus
716 711 746 764 et
766 703 915 782 superbia,
939 722 1097 764 commune
1112 705 1198 766 nobi-

134 785 223 846 litatis
244 787 366 847 malum.
398 787 497 866 itaque
517 789 649 866 primum
670 794 826 848 conmotus
841 788 959 849 insolita
973 807 1005 848 re
1020 789 1121 850 mirari
1136 791 1198 851 cius
1221 800 1235 848 2

96 883 114 930 5
136 870 298 938 3333111313
315 878 345 931 31
366 873 450 950 quasi
468 889 521 951 per
540 872 699 932 amicitiam
715 891 836 933 monere
857 890 894 933 ne
908 880 970 934 tam
984 892 1071 952 prava
1086 875 1199 954 incipe·

132 959 179 1014 ret
199 973 259 1016 neu
279 974 369 1034 super
386 957 538 1018 fortunam
557 955 692 1018 animuin
713 965 843 1036 gereret:
865 975 926 1018 non
946 958 1045 1018 omnia
1060 960 1199 1020 omnibns

133 1039 282 1118 cupiunda
298 1059 376 1112 esse,
397 1041 504 1102 debere
518 1041 560 1102 illi
573 1060 621 1102 res
636 1060 704 1102 suas
719 1042 788 1102 satis
803 1043 932 1120 placere:
947 1049 1098 1121 postremo
1114 1063 1198 1104 cave-

133 1132 180 1184 ret
193 1123 223 1183 id
238 1131 339 1203 petere
355 1127 495 1204 apopulo
510 1126 661 1198 Romano,
686 1128 766 1206 quod
781 1127 822 1186 illi
836 1127 900 1188 iure
914 1133 1079 1206 negaretur.
1109 1136 1192 1206 post·
1215 1137 1230 1186 3

134 1227 226 1287 quam
254 1209 327 1270 baec
346 1217 434 1287 atque
455 1211 508 1270 alia
529 1211 597 1271 talia
621 1210 693 1271 dixit
713 1229 810 1290 neque
830 1212 947 1272 animus
967 1211 1039 1272 Mari
1061 1213 1196 1284 flectitur,

80 1304 112 1352 10
133 1293 287 1372 respondit
307 1293 358 1354 ubi
377 1295 508 1372 primum
530 1295 675 1374 potuisset
693 1314 746 1374 per
767 1296 884 1376 negotia
898 1296 1027 1376 publica,
1049 1297 1198 1358 facturum

133 1395 197 1438 sese
213 1397 288 1456 quae
303 1385 426 1456 peteret.
457 1399 491 1440 33
505 1386 607 1458 333133
622 1381 737 1460 3333133
753 1381 1235 1460 33113133331313311131131111-’1

132 1462 210 1522 risse
231 1479 269 1522 ne
289 1463 442 1524 festinaret
458 1464 553 1536 abire,
574 1465 644 1524 satis
665 1471 780 1526 mature
795 1465 879 1525 illum
895 1485 963 1526 cum
977 1465 1037 1526 filio
1052 1485 1106 1527 suo
1125 1485 1197 1528 333-

133 1547 264 1607 sulatum
288 1548 462 1626 petiturum.
498 1549 524 1608 is
549 1569 584 1610 33
608 1555 742 1628 13133313
762 1549 956 1610 contubernio
976 1551 1067 1629 patris
1088 1551 1197 1612 ibidem

134 1631 292 1704 militabat,
320 1650 413 1692 annos
442 1639 529 1693 natus
550 1634 665 1694 circiter
683 1633 793 1713 viginti.
825 1653 899 1712 quae
920 1653 968 1694 res
982 1634 1108 1695 Marium
1129 1655 1198 1716 cum

81 1728 113 1777 15
134 1734 188 1794 313
208 1716 323 1776 honore
344 1735 433 1797 quem
453 1718 615 1778 adfectabat
634 1726 700 1780 tum
722 1726 825 1779 contra
839 1717 987 1780 Metellum
1009 1719 1199 1781 vehementer

134 1801 314 1862 accenderat.
345 1802 385 1862 ita
406 1803 543 1882 cupidine
558 1809 647 1882 atque
662 1803 705 1863 ira
719 1804 866 1882 pessumis
881 1803 1098 1864 consultoribus
1114 1823 1195 1882 gras·
1218 1821 1233 1868 5

132 1885 205 1956 sari,
227 1902 325 1965 neque
343 1886 421 1947 13313
442 1887 501 1947 3113
521 1905 618 1966 neque
638 1887 717 1949 dicto
737 1887 897 1960 abstinere,
927 1888 1008 1967 quod
1027 1889 1196 1949 313113331-

132 1969 276 2030 bitiosum
294 1970 386 2042 foret,
407 1971 514 2032 milites
535 1971 641 2050 quibus
662 1972 694 2032 in
712 1969 843 2032 hibernis
860 1979 993 2052 praeerat
1012 1973 1120 2034 laxiore
1138 1974 1196 2034 im-

132 2054 216 2133 perio
244 2073 333 2133 quam
358 2063 443 2116 311133
467 2057 590 2129 babere,
612 2057 690 2136 apud
710 2057 920 2136 negotiatores,
943 2075 1071 2136 quorum
1092 2077 1197 2137 magna

79 2154 113 2204 20
134 2137 294 2200 multitudo
310 2139 411 2202 Uticae
425 2147 497 2214 erat,
513 2141 671 2202 criminose
686 2141 775 2201 simul
790 2148 820 2202 et
834 2142 997 2222 magnufice
1012 2142 1048 2202 de
1063 2141 1139 2204 bello
1151 2143 1195 2203 13-

133 2223 199 2302 qui:
221 2224 342 2285 dimidia
360 2243 428 2304 pars
449 2226 595 2286 exercitus
609 2226 635 2286 si
650 2226 705 2286 sibi
720 2227 954 2305 permitteretur,
977 2227 1077 2306 paucis
1093 2227 1196 2288 diebus

133 2308 306 2388 Iugurtham
326 2310 357 2368 iu
376 2311 484 2372 catenis
505 2311 693 2384 habiturum:
714 2313 751 2372 ab
766 2311 943 2390 imperatore
959 2314 1093 2373 consulto
1109 2312 1194 2384 trahi,

133 2393 214 2471 quod
233 2394 325 2454 homo
344 2395 439 2456 inanis
462 2402 492 2455 et
512 2395 607 2474 regiae
626 2395 781 2475 superbiae
803 2397 928 2476 imperio
943 2397 1031 2457 nimis
1046 2397 1194 2476 gauderet.
1291 2460 1296 2466 ,

133 2497 208 2556 quae
230 2479 331 2538 omnia
349 2479 406 2540 illis
421 2497 456 2540 33
471 2481 601 2540 11311313
616 2481 803 2552 videbantur,
826 2481 906 2560 quod
921 2481 1113 2542 diuturnitate
1127 2481 1195 2542 belli
1216 2490 1232 2539 5

77 2574 112 2624 15
131 2581 178 2623 133
192 2563 344 2624 familiaris
359 2571 557 2643 conruperant
568 2571 598 2626 31
609 2565 709 2626 animo
721 2565 850 2644 cupienti
861 2565 935 2625 nibil
946 2566 1016 2625 satis
1028 2565 1192 2625 1331133131.

132 2654 194 2708 3131
209 2649 406 2727 praeteream
421 2650 550 2710 exercitu
564 2657 667 2710 nostro
684 2650 810 2710 Numida
826 2649 947 2728 quidam
958 2649 1080 2709 nomine
1096 2649 1196 2711 Gauda
1217 2649 1259 2708 115
1278 2656 1281 2662 “

131 2731 335 2794 Mastanabalis
356 2733 433 2794 filius
454 2733 621 2794 Masinissae
642 2751 750 2812 nepos,
773 2752 863 2812 quem
878 2733 998 2812 Micipsa
1015 2739 1194 2795 testamento

134 2817 300 2878 secuudum
314 2816 453 2878 heredem
468 2818 636 2898 scripserat,
652 2817 764 2878 morbis
779 2819 930 2878 conlectus
946 2824 976 2878 et
991 2819 1109 2878 obeam
1125 2837 1196 2879 cau·

134 2920 198 2962 sam
213 2909 314 2962 mente
328 2903 450 2982 paulum
465 2903 621 2964 inminuta.
652 2903 700 2964 cui
718 2901 851 2963 Metellus
866 2902 979 2982 petenti
994 2921 1076 2964 more
1091 2920 1195 2982 regum
1218 2914 1233 2963 1

77 2997 111 3048 10
132 2993 167 3046 31
188 2987 289 3047 sellam
307 2987 393 3054 iuxta
415 2995 553 3066 poneret,
575 2988 648 3048 item
666 2993 769 3066 postca
789 2987 939 3049 custodiae
958 3006 1046 3049 causa
1065 2995 1196 3048 turmam

133 3071 270 3150 equitum
284 3071 497 3144 Romanorum,
514 3080 675 3152 utrumque
690 3079 859 3152 negaverat:
875 3073 1031 3145 honorem,
1049 3074 1128 3152 quod
1142 3093 1195 3134 eo-

132 3173 202 3216 rum
226 3173 311 3216 more
334 3157 425 3229 13131,
452 3176 527 3236 quos
551 3157 678 3237 populus
702 3157 852 3218 Romanus
877 3175 959 3237 reges
985 3157 1195 3236 appellavisset,

133 3241 323 3318 praesidium,
340 3242 418 3320 quod
434 3241 682 3303 contumeliosum
699 3241 731 3302 in
746 3261 796 3302 333
807 3242 894 3316 13131,
907 3242 932 3302 31
944 3243 1058 3320 equites
1070 3241 1196 3303 Romani

133 3325 271 3386 satellites
287 3325 430 3387 Numidae
449 3327 645 3387 traderentur.
668 3327 749 3386 huno
763 3326 871 3388 Marius
893 3327 1014 3386 anxium
1029 3327 1195 3404 aggreditur
1217 3336 1232 3383 3

80 3420 113 3471 35
135 3417 221 3490 atque
242 3410 378 3471 hortatur
398 3419 433 3472 ut
452 3411 1124 3488 3331313311311111113113331313133133111333
1141 3428 1194 3470 au-

135 3495 201 3555 xilio
216 3503 436 3574 33333333131;
452 3495 605 3556 hominem
621 3495 658 3555 ob
674 3495 793 3555 morbos
808 3493 907 3554 animo
922 3511 1027 3572 parum
1042 3493 1136 3554 valido
1147 3512 1195 3554 se-

134 3579 228 3640 cunda
244 3579 376 3640 oratione
391 3579 517 3641 extollit:
539 3580 621 3640 illurn
636 3597 750 3658 regem,
767 3579 917 3658 ingentem
931 3578 1043 3650 virum,
1059 3577 1194 3640 Masinis-

133 3682 181 3724 sae
204 3666 344 3742 nepotem
366 3683 445 3738 esse:
468 3665 494 3725 si
508 3663 648 3743 Iugurtha
667 3670 770 3742 captus
791 3671 843 3724 aut
858 3663 972 3724 occisus
986 3663 1076 3733 13131,
1099 3663 1195 3742 impe—

201 3900 218 3950 4
236 3899 343 3964 primum
352 3902 413 3966 post
424 3899 515 3950 mirari
526 3903 624 3949 1133331
635 3897 690 3962 Pe,
704 3913 753 3948 om.
766 3898 860 3948 ibidem
875 3897 896 3949 0
910 3895 920 3966 ll
941 3897 970 3947 13
989 3898 1014 3946 13
1029 3898 1193 3948 coutubernio

133 3983 150 4032 p
163 3963 172 4038 1
187 3966 217 4016 18
236 3966 400 4016 ambitionum
411 3969 435 4018 P
469 3967 502 4016 24
520 3967 586 4032 quod
599 3965 625 4030 C,
638 3967 696 4032 qaia
707 3963 772 4035 PCll
786 3966 818 4016 29
835 3965 935 4032 paulum
947 3964 1002 4046 Pt',
1017 3965 1146 4044 paululum
1159 3963 1196 4030 01

134 4033 172 4150 30²1
185 4031 442 4168 Mttdtrttttt
450 4034 954 4166 ,11111111111111””“”
971 4049 999 4083 ¹¹¹
1016 4038 1195 4096 mmmm
