2854 4678
228 355 270 427 98
599 358 802 411 c.sALLUsr1
820 357 921 410 enisu

226 515 305 578 tibus
320 509 440 578 noctem
457 513 565 594 agitare
582 513 673 586 iubet,
688 514 751 594 ipse
762 512 902 594 paulatim
913 513 1062 592 dispersos
1073 511 1181 573 milites
1195 528 1292 592 neque

176 639 180 658 ,
228 602 326 663 minus
342 599 477 661 hostibus
492 597 672 660 conturbatis
687 598 718 658 in
731 615 826 660 unum
842 597 997 670 contrahit,
1013 597 1082 657 dein
1093 603 1216 658 cunctos
1226 597 1290 676 ple-

191 697 206 746 2
228 703 268 747 no
292 680 384 765 grtuu
406 685 437 745 in
463 683 567 746 collem
588 683 735 744 subducit.
769 683 809 742 ita
829 699 912 760 reges
933 681 990 742 loci
1011 681 1290 764 ddticirltatecoacti

227 771 339 850 proelio
354 769 554 841 deterrentur,
569 785 665 846 neque
679 775 780 828 tamen
794 784 864 826 suos
879 765 993 845 longius
1008 765 1089 826 abire
1103 766 1216 836 sinunt,
1238 765 1289 826 scd
1403 764 1407 773 '

191 864 207 915 6
227 861 355 934 utroque
369 854 441 915 collo
458 852 646 914 multitudine
657 852 837 912 circumdato
852 851 936 911 011221
949 849 1116 912 consedere.
1139 849 1212 910 dein
1223 867 1288 910 cre-
1307 866 1321 914 2
1404 883 1411 906 t

227 937 287 999 bris
302 938 415 1018 ignibus
430 938 513 998 tactis
527 937 701 1016 plemmque
716 935 811 997 noctis
826 930 941 996 barbari
956 952 1040 996 more
1057 951 1112 996 suo
1125 934 1227 995 laetari
1238 952 1289 994 er·
1410 941 1411 944 ’

226 1023 331 1096 ultare,
346 1031 476 1102 strepere
490 1021 609 1083 vocibus
625 1027 654 1081 et
669 1021 724 1098 ipsi
739 1020 828 1081 duces
842 1020 970 1092 feroces,
988 1019 1056 1098 quia
1069 1034 1131 1079 non
1144 1018 1288 1098 digerant,

191 1121 206 1169 7
227 1123 283 1186 pro
292 1107 453 1168 uictoribus
470 1123 563 1183 agere.
594 1105 646 1164 sed
660 1123 695 1165 ea
710 1111 814 1164 cuncta
828 1103 969 1164 Romanis
984 1123 1021 1164 ex
1035 1102 1165 1176 tenebris
1181 1109 1210 1162 et
1225 1101 1288 1163 edi·

165 1191 206 1252 llll
226 1191 350 1251 tioribus
361 1190 431 1250 locis
442 1189 537 1248 facilia
548 1189 611 1248 visu
622 1205 787 1266 magnoque
799 1189 990 1248 hortamento
1001 1194 1092 1248 erant.
1115 1187 1288 1266 plurumum

225 1291 295 1334 vero
309 1273 418 1334 Marius
433 1271 566 1351 inperitia
580 1273 712 1332 hostium
728 1271 933 1344 confirmatus,
951 1289 1040 1350 qnam
1055 1287 1230 1331 maxumum
1246 1271 1287 1332 si·
1308 1283 1336 1334 to

225 1357 349 1420 lentium
363 1355 464 1418 baberi
478 1355 573 1428 iubet,
593 1355 728 1434 nesigno
743 1355 875 1434 quidem,
892 1355 936 1415 nti
949 1373 1002 1434 per
1017 1355 1127 1434 vigilias
1143 1355 1288 1426 solebant,

226 1457 338 1503 canere.
366 1439 470 1500 deinde
484 1439 533 1500 ubi
548 1439 598 1500 lux
609 1439 790 1510 adventabat,
807 1439 928 1500 delessis
939 1439 998 1500 ianr
1009 1439 1144 1500 hostibus
1156 1457 1189 1501 ac
1199 1441 1289 1518 paulo

226 1532 294 1586 ante
309 1542 415 1586 somno
431 1523 537 1602 captis,
560 1525 595 1584 de
610 1524 759 1602 inproviso
773 1523 887 1602 vigiles,
902 1523 974 1584 item
989 1523 1158 1584 cohortium
1172 1531 1288 1586 turma-

225 1627 293 1671 rum
308 1610 456 1688 legionum
470 1607 614 1669 tubicines
629 1607 717 1668 simul
730 1608 827 1668 omnis
837 1608 919 1686 signa
930 1625 1043 1680 canere,
1058 1607 1165 1668 milites
1177 1608 1289 1670 clamo·

189 1705 205 1756 2
226 1711 291 1754 rem
309 1695 412 1754 tollere
432 1699 520 1772 atque
540 1693 634 1772 portis
649 1710 804 1770 erumpere
818 1691 926 1769 [iubetl
957 1691 1049 1752 Mauri
1064 1698 1153 1770 atque
1164 1692 1287 1772 Gaetuli,
1303 1703 1339 1756 ,15

226 1778 326 1857 ignoto
341 1784 370 1838 et
384 1777 516 1858 horribili
526 1777 626 1837 sonitu
637 1783 757 1856 repente
768 1775 863 1849 exciti,
879 1792 975 1854 nsque
985 1777 1086 1856 fugere
1096 1792 1193 1856 neque
1204 1794 1288 1838 arma

189 1874 204 1924 3
226 1879 329 1941 capere
340 1879 435 1940 neque
448 1861 570 1921 omnino
580 1861 676 1922 lacere
687 1867 738 1922 aut
748 1860 902 1940 providere
913 1861 1070 1939 quicquam
1080 1866 1232 1940 poterant:
1249 1861 1289 1923 ita

226 1953 348 2007 cunctos
362 1945 488 2024 strepitu
502 1945 643 2017 clamore,
664 1945 744 2006 nullo
760 1943 965 2017 subveniente,
981 1945 1093 2005 nostris
1108 1945 1286 2006 instantibus

224 2030 356 2092 tumultu
379 2029 535 2090 formidine
563 2030 703 2106 [terrore]
731 2029 816 2108 qnasi
841 2029 976 2089 vecordia
998 2035 1123 2108 ceperat.
1159 2029 1287 2108 denique

178 2167 181 2172 .
226 2131 328 2174 omnes
352 2113 411 2174 lusi
435 2113 598 2192 iugalium,
623 2131 705 2174 arma
725 2120 754 2172 et
774 2113 854 2199 signa
876 2112 1012 2174 militaria
1031 2113 1170 2192 pleraque
1190 2121 1283 2194 capta,
1305 2123 1336 2173 20

223 2197 382 2276 pluresque
406 2215 441 2258 eo
466 2197 577 2274 proelio
603 2215 693 2276 quam
719 2197 856 2258 omnibus
881 2197 1084 2275 superioribus
1103 2197 1285 2278 interempti.

224 2290 293 2341 nam
308 2297 414 2342 somno
429 2287 458 2340 et
472 2287 555 2341 metu·
568 2279 685 2342 insolito
700 2281 829 2360 inpedita
842 2281 920 2359 fuga.

154 2365 216 2425 lut
309 2365 382 2425 Dein
400 2363 523 2436 hierius,
542 2363 586 2424 uti
601 2373 735 2444 coeperat
749 2365 780 2424 in
794 2364 915 2425 hiberna
1007 2371 1130 2444 propter
1144 2383 1285 2428 conmea-

221 2455 288 2510 tum
302 2449 333 2509 in
348 2446 463 2528 oppidis
479 2449 644 2510 maritumis
660 2467 743 2528 agere
759 2450 933 2510 decreverat.
963 2467 1060 2528 neque
1073 2457 1175 2511 tamen
1189 2451 1285 2512 victo-

221 2533 265 2594 ria
278 2541 380 2594 socors
394 2539 444 2594 aut
458 2531 588 2593 insolens
602 2533 706 2606 lactus,
724 2534 774 2594 sed
790 2533 900 2612 pariter
910 2540 998 2612 atque
1009 2535 1041 2594 in
1052 2541 1213 2614 conspectu
1223 2535 1283 2597 bo-
1303 2545 1334 2596 22

184 2625 200 2676 2
221 2618 314 2680 stium
329 2618 471 2697 quadrato
486 2615 601 2695 agmine
616 2617 760 2678 incedere.
793 2617 873 2678 Sulla
887 2635 956 2678 cum
971 2618 1101 2697 equitatu
1116 2620 1194 2698 apud
1209 2619 1283 2682 dex-

219 2709 330 2774 tumes,
342 2702 374 2761 in
384 2701 500 2762 sinistra
511 2708 594 2778 parte
604 2707 638 2766 A.
650 2701 774 2763 Manlius
786 2719 853 2762 cunr
864 2702 1063 2764 funditoribus
1075 2709 1105 2764 et
1114 2703 1281 2782 sagittariis,

219 2789 369 2862 praetcrea
388 2784 518 2844 cohortis
538 2784 678 2864 Ligurum
701 2785 829 2846 curabat.
861 2786 973 2865 primos
994 2793 1024 2848 et
1042 2794 1189 2850 extremos
1210 2786 1281 2850 c'um

183 2873 199 2926 3
220 2868 362 2946 expeditis
377 2867 532 2946 manipulis
546 2869 682 2930 tribunos
697 2869 848 2931 locaverat.
872 2870 1018 2949 perhrgae‚
1035 2871 1168 2932 minume
1179 2873 1239 2934 cari
1250 2882 1282 2935 et

218 2952 374 3028 regionum
394 2951 603 3025 scientissumt
624 2953 755 3014 hostium
770 2954 825 3014 iter
839 2955 1037 3032 explorabant.
1072 2955 1161 3016 simul
1175 2959 1281 3019 consul
1302 2969 1334 3020 30

220 3033 302 3111 quasi
315 3031 397 3094 nullo
409 3033 538 3110 inposito
550 3036 649 3096 omnia
660 3037 820 3114 prouidere,
836 3039 914 3116 apud
926 3039 1023 3099 omnis
1034 3039 1145 3112 adesse,
1161 3040 1282 3104 laudare

182 3127 200 3176 2
219 3117 411 3198 etincrepare
426 3117 575 3178 merentis.
601 3119 664 3196 ipse
679 3127 808 3180 armatus
823 3119 1012 3201 intentusque
1023 3123 1093 3184 item
1105 3122 1214 3184 milites
1224 3145 1279 3186 co-

217 3199 309 3279 gebat.
339 3214 436 3280 neque
451 3217 535 3261 secus
550 3208 638 3282 atque
652 3203 709 3264 iter
722 3205 832 3277 facere,
851 3213 946 3266 castra
960 3205 1090 3279 munire,
1108 3208 1281 3272 excubitum

282 3446 298 3495 2
323 3449 485 3500 conturbatos
507 3451 531 3500 P
582 3450 732 3516 lingerent
754 3457 899 3504 correctum
920 3457 947 3503 in
971 3453 1001 3522 C,
1026 3453 1114 3520 ingere
1139 3465 1184 3508 aut
1207 3458 1272 3526 PGH

216 3511 246 3577 11
265 3513 353 3564 12212021
364 3532 400 3566 eor
411 3516 504 3566 habere
516 3519 540 3568 P
549 3515 570 3635 cl
587 3519 616 3568 12
635 3535 664 3570 oc
676 3520 732 3583 PC,
746 3528 771 3571 et
785 3521 807 3570 0
819 3519 829 3589 ΙΙ
849 3522 879 3571 13
897 3521 989 3585 uigiles
1003 3522 1118 3586 0022222,
1135 3525 1269 3590 2002122112

213 3577 260 3630 1³0
269 3577 280 3646 ΙΙ
293 3581 324 3630 15
342 3589 416 3648 atquc
428 3583 455 3646 C,-
468 3591 511 3634 aut
523 3585 547 3634 P
582 3583 592 3652 ΙΙ
608 3586 677 3637 iubet
693 3602 743 3640 om.
759 3605 774 3638 s
791 3585 801 3654 [1
825 3589 856 3638 19
878 3587 1011 3638 formidine
1026 3597 1128 3642 terrore
1146 3592 1201 3655 PC,
1218 3600 1274 3643 ter·

214 3659 274 3696 roro
289 3644 421 3700 formidine
439 3649 559 3714 (formido
575 3654 657 3716 cous)
672 3654 702 3716 C,
717 3662 818 3706 terrore
830 3655 922 3705 delerit
932 3656 1035 3706 Btetrcb
1051 3653 1061 3724 ΙΙ
1078 3667 1180 3724 ceperat
1193 3658 1219 3721 C,
1230 3675 1273 3709 ac-

213 3720 315 3776 ceperut
327 3716 373 3765 PC
381 3715 392 3782 ΙΙ
404 3717 436 3766 23
445 3719 484 3768 nti
496 3727 614 3785 coeperat
625 3722 650 3770 in
661 3721 766 3772 hiberna
777 3729 882 3788 propter
892 3730 1054 3774 commeatum
1064 3725 1091 3787 C,
1103 3726 1153 3775 uti:
1165 3733 1271 3792 propter·

213 3787 376 3848 commeatum
388 3783 409 3845 (z
422 3793 524 3849 ceperat
536 3821 542 3836 .
556 3787 670 3853 hyberna
681 3805 702 3838 2.
714 3805 736 3838 s.
746 3791 775 3856 p)
787 3789 817 3850 P,
829 3789 868 3838 uti
880 3797 999 3854 coeperat
1010 3791 1035 3839 in
1047 3791 1151 3842 hiberna
1163 3793 1184 3844 it
1195 3807 1271 3859 prop-

163 3887 165 3890 .
210 3851 253 3896 ter
271 3855 434 3898 commeatum
451 3867 486 3901 ecc
499 3851 579 3902 Cduo
595 3857 670 3904 etsie
685 3856 745 3920 fere
762 3856 816 3918 (val
825 3857 850 3904 in
861 3855 966 3906 hiberna
978 3857 1148 3922 proficiscitur
1164 3859 1204 3909 uel
1213 3860 1231 3908 i.
1244 3862 1270 3911 b.

210 3926 234 3976 p.
248 3915 351 3982 quael-z
367 3913 427 3980 [1125
446 3933 535 3968 socors
551 3936 587 3970 02
603 3933 691 3970 scenos
704 3923 729 3972 P
743 3919 753 3988 ΙΙ
770 3923 803 3972 26
820 3923 918 3986 agmine
930 3939 966 3972 ece
976 3925 1057 3974 amine
1070 3927 1094 3974 P
1108 3923 1118 3992 ΙΙ
1131 3927 1195 3991 apud
1206 3927 1271 3976 dex-

209 3985 293 4030 tumos
307 3980 361 4041 (vel
376 3983 515 4048 dextimos)
534 3985 569 4053 Op
585 3989 611 4035 r'n
624 4003 722 4054 baurg„
737 3989 821 4040 Prisc.
833 3989 880 4040 ool.
894 3989 910 4038 I
916 4005 943 4056 p.
956 3989 991 4040 95
1007 3995 1034 4041 et
1044 3991 1087 4054 98,
1103 3994 1167 4057 apud
1183 3999 1269 4043 extre-

208 4059 262 4096 mos
275 4046 321 4098 PC
330 4045 341 4116 l}
354 4047 386 4101 30
398 4051 529 4116 regionum
540 4068 576 4102 ecc
587 4053 715 4116 regionem
727 4053 772 4124 Pl}
785 4057 818 4108 33
830 4057 927 4108 munire
940 4053 964 4108 ἃ
977 4059 1121 4110 excubitum
1132 4059 1157 4109 P
