2854 4678
514 381 556 430 nn
575 380 617 444 aa
636 380 811 432 runnrcau
1131 387 1186 444 141

127 518 239 596 armati
254 535 290 595 de
305 533 429 614 imperio
444 541 565 596 certare.
596 551 657 594 non
672 535 770 614 inopia
785 533 899 606 aerarii,
916 553 977 596 non
992 535 1034 596 vis
1049 535 1190 610 hostium,

133 637 195 681 non
209 619 327 682 adversa
343 637 390 681 res
404 619 553 700 ingentem
568 635 671 682 eorum
682 621 814 682 animum
824 619 939 700 subegit
954 619 1033 700 quin,
1046 639 1120 702 qnae
1130 622 1190 682 vir-

133 712 198 766 tute
209 711 355 785 ceperant,
371 704 460 766 simul
471 704 648 768 cumanima
658 705 828 767 retinerent.
855 711 942 786 atque
954 723 989 766 ea
999 707 1092 786 magis
1102 707 1189 768 forti-
1212 715 1227 765 8

133 787 333 852 bus-obnsiliis
349 807 438 870 quarn
452 788 538 850 bonis
552 789 671 871 proeliis
686 797 798 871 patrata
813 797 891 852 sunt.
919 791 1025 870 quippe
1038 791 1115 871 apud
1126 791 1190 853 illos

97 875 113 924 ⁵
132 891 192 936 una
206 893 254 935 res
268 873 385 954 publica
399 881 474 948 erat,
487 875 523 936 ei
539 892 641 937 omnes
656 873 863 950 consulebant,
878 874 965 947 factio
980 883 1082 938 contra
1096 877 1191 948 hostis

132 959 298 1039 parabatur,
316 977 422 1040 corpus
437 967 524 1039 atque
539 959 688 1040 ingenium
703 961 822 1040 patriae,
838 979 900 1022 non
914 977 984 1021 suae
999 961 1124 1040 quisque
1135 981 1190 1040 po·

130 1045 241 1106 tentiae
262 1045 446 1106 exercitabat.
477 1051 505 1106 at
526 1043 583 1106 hoc
596 1051 735 1126 tempore
750 1053 852 1108 contra
866 1063 900 1106 ea
914 1045 1050 1106 homines
1065 1045 1189 1120 nobiles,
1211 1053 1227 1102 9

134 1147 262 1209 quorum
281 1129 396 1190 ammos
417 1128 551 1191 socordia
570 1136 657 1211 atque
677 1129 791 1210 ignavia
811 1129 929 1204 invasit,
954 1130 1063 1210 ignarei
1082 1130 1190 1192 laboris

132 1215 266 1276 hostium
287 1213 406 1275 militiae
425 1213 507 1275 domi
526 1213 652 1276 factione
673 1215 810 1277 instructi
829 1234 882 1295 per
900 1215 1067 1295 superbiam
1079 1216 1190 1278 cunctis
1212 1213 1252 1274 11

82 1299 112 1348 ¹⁰
133 1299 269 1380 gentibus
280 1299 481 1360 moderantur.
503 1297 601 1378 itaque
612 1305 719 1378 patres,
736 1318 864 1379 quorum
876 1299 997 1362 consilio
1009 1307 1094 1361 antea
1104 1299 1191 1361 dubia

132 1401 181 1445 res
201 1383 316 1463 publica
336 1383 548 1456 stabiliebatur,
570 1383 703 1464 oppressi
723 1403 759 1445 ex
778 1385 871 1446 aliena
890 1385 1009 1446 libidine
1031 1385 1090 1445 huc
1104 1392 1191 1464 atque

133 1467 202 1530 illuc
220 1470 394 1530 fluctuantes
409 1469 569 1547 agitantur:
591 1468 741 1530 interdum
756 1470 810 1530 alia
825 1469 929 1530 deinde
945 1469 1000 1530 alia
1014 1469 1191 1544 decernunt3

132 1553 176 1614 uti
190 1571 304 1627 eorum,
322 1553 372 1633 qui
387 1553 589 1625 dominantur,
612 1553 746 1615 simultas
762 1560 812 1616 aut
825 1554 917 1633 gratia.
930 1553 1002 1626 fert,
1024 1553 1064 1614 ita
1079 1553 1191 1615 bonnm

133 1639 304 1718 malumque
324 1637 473 1717 publicum
496 1644 672 1699 aestumant.
702 1639 807 1717 quodsi
822 1645 872 1698 aut
886 1638 1004 1699 libertas
1019 1649 1112 1718 aequa
1124 1657 1191 1700 om·
1212 1649 1227 1700 2

82 1725 112 1775 15
133 1722 217 1784 nium
233 1730 284 1784 aut
298 1723 448 1783 sententia
456 1721 609 1784 obscurior
623 1729 711 1794 esset,
726 1723 885 1784 maioribus
901 1723 1007 1803 opibus
1018 1741 1065 1784 res
1076 1723 1192 1802 publica

134 1814 163 1868 et
176 1807 276 1868 minus
290 1815 395 1887 potens
410 1807 547 1868 nobilitas
562 1813 649 1868 esset.
680 1808 732 1868 sed
747 1808 886 1886 quoniam
902 1807 1197 1888 coaequari-gratiam
1212 1819 1227 1868 3

134 1893 268 1953 omnium
284 1893 399 1953 difficile
413 1899 469 1966 est,
486 1891 593 1972 quippe
608 1910 676 1953 cum
691 1892 747 1953 illis
758 1893 902 1954 maiorum
916 1893 1006 1954 virtus
1017 1899 1131 1972 partam
1142 1911 1190 1954 re-

132 1977 250 2057 liquerit
262 1977 385 2057 gloriam
400 1977 569 2056 dignitatem
584 1976 746 2049 clientelae,
769 1983 864 2038 cetera
879 1977 1038 2038 multitudo
1053 1977 1191 2057 pleraque

132 2061 256 2123 insiticia
277 2062 329 2135 sit,
351 2061 510 2122 sententias
531 2078 632 2122 eorum
655 2081 671 2122 a
685 2069 767 2122 metu
782 2062 886 2122 libera:
906 2062 946 2122 ita
961 2063 991 2123 in
1006 2063 1120 2122 occulto
1135 2062 1190 2122 sibi

78 2156 111 2206 20
134 2147 259 2226 quisque
274 2146 392 2207 alterius
406 2145 539 2226 potentia
554 2146 648 2208 carior
662 2147 726 2207 erit.
753 2147 871 2208 libertas
886 2147 966 2208 iuxta
981 2146 1067 2206 bonis
1082 2153 1111 2206 et
1125 2165 1190 2208 ma·
1211 2161 1228 2208 4

132 2232 178 2304 lis,
193 2231 321 2292 strenuis
333 2238 420 2310 atque
432 2231 540 2310 ignavis
553 2229 687 2310 optabilis
698 2238 752 2292 est.
778 2249 881 2292 verum
892 2249 957 2291 eam
967 2229 1099 2310 plerique
1109 2239 1192 2292 metu

134 2317 282 2376 deserunt.
313 2315 478 2377 stultissimi
498 2315 652 2388 mortales,
674 2315 754 2394 quod
773 2315 804 2376 in
824 2317 982 2376 certamine
997 2315 1120 2378 dubium
1136 2324 1189 2389 est,

134 2419 278 2480 quorsum
293 2401 412 2472 accidat,
428 2401 457 2461 id
472 2417 525 2479 per
539 2399 675 2461 inertiam
690 2401 721 2460 in
736 2420 768 2460 se
784 2401 945 2480 quasivicti
956 2401 1108 2479 recipiunt.
1135 2401 1190 2480 igi-
1212 2415 1227 2462 5

134 2493 183 2546 tur
206 2485 319 2546 duabus
343 2484 430 2546 relius
456 2483 621 2566 confirmari
641 2503 727 2563 posse
746 2491 883 2546 senatum
905 2493 993 2563 puto:
1019 2483 1043 2544 si
1064 2501 1189 2546 numero

81 2585 112 2638 25
134 2577 236 2631 auctus
256 2587 309 2650 per
327 2569 464 2630 tabellam
478 2569 655 2630 sententiam
669 2569 753 2630 leret.
783 2569 888 2630 tabella
903 2567 1036 2628 obtentui
1050 2567 1115 2640 erit,
1132 2588 1190 2648 quo

133 2655 226 2734 magis
240 2655 339 2716 animo
350 2653 442 2714 libero
452 2653 548 2714 facere
559 2653 678 2714 audeat:
694 2653 725 2714 in
736 2653 923 2714 mtdtitudine
936 2660 966 2714 et
976 2651 1112 2731 praesidii
1124 2653 1190 2732 plus

133 2748 163 2801 et
178 2758 250 2801 usus
265 2738 389 2819 amplior
402 2745 456 2798 est.
486 2755 556 2799 nam
571 2737 632 2798 fere
646 2737 693 2797 his
707 2737 931 2817 tempestatibus
947 2737 994 2798 alii
1006 2735 1117 2798 iudiciis
1132 2756 1190 2817 pu·
1211 2751 1227 2800 6

134 2823 229 2897 blicis,
249 2823 297 2886 alii
315 2823 436 2902 privatis
450 2823 511 2883 sni's
527 2829 614 2901 atque
629 2822 792 2884 amicorum
807 2822 931 2902 negotiis
946 2819 1089 2901 inplicati,
1111 2821 1190 2883 haud

133 2925 203 2970 sane
218 2909 260 2969 rei
275 2907 407 2987 publicae
423 2907 550 2968 consiliis
565 2906 737 2981 adfuerunt3
753 2925 849 2985 neque
865 2925 915 2968 eos
931 2906 1023 2985 magis
1038 2907 1190 2986 occupatio

79 3012 113 3062 30
135 3011 224 3072 quam
238 2992 364 3071 superba
376 2991 498 3070 imperia
509 2991 715 3052 distinuerunt.
739 2992 875 3052 homines
887 2991 999 3052 nobiles
1011 3009 1079 3052 cum
1090 2991 1191 3070 paucis

133 3077 297 3150 senatoriis,
313 3095 386 3156 quos
401 3075 599 3138 additamenta
613 3075 748 3138 factionis
762 3077 879 3150 habent,
893 3093 1095 3156 quaecumque
1107 3075 1192 3138 libuit

132 3160 258 3240 probare
272 3161 483 3239 reprehendere
499 3161 666 3233 decernere,
682 3179 725 3234 ea,
741 3161 784 3221 uti
799 3162 898 3222 lubido
912 3161 990 3232 tulit,
1008 3159 1112 3222 fecere.
1140 3181 1190 3222 ve·
1212 3173 1226 3222 7

132 3263 201 3306 rum
216 3245 267 3307 ubi
280 3263 405 3306 numero
421 3248 591 3306 senatorum
607 3252 693 3306 aucto
705 3263 758 3324 per
769 3245 904 3308 tabellam
915 3245 1077 3306 sententiae
1089 3245 1189 3306 dicen-

132 3337 192 3402 tur,
208 3347 245 3390 ne
266 3330 306 3390 illi
326 3329 493 3408 superbiam
513 3347 597 3390 suam
613 3329 770 3401 dimittent,
786 3331 837 3391 uhi
848 3331 884 3391 iis
896 3327 1112 3390 oboediendum
1124 3330 1188 3402 erit,

80 3430 112 3480 35
134 3413 240 3494 quibus
255 3421 340 3475 antea
354 3413 555 3474 crudelissime
568 3413 783 3492 imperitabant.

217 3499 363 3570 Forsitan,
375 3498 543 3578 imperator,
555 3497 690 3576 perlectis
702 3497 805 3558 litteris
814 3497 972 3570 desideres,
985 3514 1074 3576 quem
1082 3513 1190 3558 nume·
1212 3500 1252 3560 12

132 3601 201 3644 rum
220 3591 390 3644 senatorum
410 3583 472 3645 fieri
487 3584 615 3662 placeat,
640 3601 756 3660 quoque
771 3583 861 3643 modo
877 3583 902 3642 is
918 3583 948 3642 in
963 3581 1056 3641 multa
1071 3587 1100 3641 et
1113 3583 1191 3647 varia

134 3667 229 3728 officia
254 3667 461 3741 distribuatur3
492 3667 598 3728 iudicia
622 3667 769 3744 quoniam,
789 3665 926 3728 omnibus
953 3667 1065 3746 primae
1090 3666 1190 3728 classis

134 3753 344 3814 committenda
363 3759 477 3832 putem,
500 3769 574 3832 quae
595 3751 760 3832 discriptio,
783 3751 851 3832 quei
871 3769 1013 3813 numerus
1028 3749 1059 3810 in
1074 3769 1191 3830 quoque

201 3900 367 3966 lquinquae
380 3901 476 3964 Aldus,
493 3899 671 3966 qniqneVlll
691 3899 819 3968 adVllld
836 3899 1088 3965 santabarenus
1101 3899 1144 3966 Vb
1159 3900 1190 3950 16

132 3967 216 4030 gratia
229 3969 258 4019 V
264 3967 273 4035 b
290 3968 320 4018 21
341 3969 460 4021 obtabilis
473 3969 501 4020 V
508 3968 517 4036 b
526 3969 557 4018 23
576 3967 674 4018 accidat
685 3985 721 4020 ecc
732 3970 823 4022 accidit
837 3969 866 4021 V
898 3969 931 4018 26
949 3970 1040 4019 audent
1055 3983 1090 4017 ea:
1107 3967 1192 4018 audiat

135 4035 167 4167 ᾗ
168 4034 246 4168 piss‘elpu
246 4035 379 4155 1:leiistliqmei‘
396 4053 431 4086 ecc
443 4034 573 4086 destinuel‘
592 4035 620 4087 V
635 4035 644 4103 b
662 4035 694 4086 32
713 4037 816 4103 probari
830 4037 859 4090 V
892 4037 925 4086 38
942 4036 1129 4102 distribuaqtur
1141 4034 1170 4086 V
1185 4031 1194 4102 ΙΙ
