2846 4682
496 343 539 394 ult
557 343 664 395 BELLO
682 341 887 397 lUGUnTfflno
1185 351 1223 411 71

159 496 236 559 nihil
250 497 379 577 languidi
394 513 491 576 neque
506 497 623 558 remissi
637 497 810 576 patiebatur.
834 519 868 562 ao
882 499 980 580 primo
992 497 1116 562 obscura
1128 509 1224 574 nocte,
1248 510 1263 560 7

159 589 322 664 postquam
344 581 423 642 haud
441 580 545 662 procul
564 582 642 644 inter
655 600 687 644 so
702 590 799 655 erant,
820 585 946 664 strepitu
961 583 1040 646 velut
1056 585 1157 647 hostes
1172 588 1225 648 ad·

159 675 291 739 ventare,
305 667 390 728 alteri
403 666 481 745 apud
493 666 600 728 alteros
614 667 805 728 formidinem
815 668 905 729 simul
915 675 946 730 et
956 669 1119 744 tumultum
1130 670 1226 733 facere

160 759 195 814 et
208 769 300 831 paene
320 751 508 830 inprudentia
527 751 690 812 admissum
703 752 816 814 lacinus
831 753 1009 827 miserabile,
1029 754 1060 814 ni
1074 755 1226 836 utrimque

120 853 139 902 s
161 835 318 916 praemissi
337 835 452 915 equites
472 853 537 897 rem
557 836 793 916 exploravissent.
822 838 911 918 igitur
932 855 986 918 pro
1006 846 1089 900 metu
1104 849 1225 920 repente
1246 849 1262 900 8

160 919 301 1000 gaudium
321 928 469 1004 mutatur,
491 920 600 982 milites
615 921 688 982 alius
704 921 792 994 alium
808 923 877 984 lacti
891 921 1050 1003 appellant,
1074 931 1139 986 acta
1153 925 1224 986 edo-

160 1013 231 1068 cent
241 1013 329 1084 atque
339 1005 471 1077 audiunt,
484 1023 537 1066 sua
550 1005 675 1085 quisque
685 1006 773 1068 fortia
784 1007 861 1069 lacta
868 1007 905 1068 ad
911 1007 1024 1069 caelum
1032 1009 1100 1069 lert.
1117 1008 1225 1088 quippo

160 1107 211 1150 res
225 1091 373 1151 humanae
387 1089 427 1150 ita
441 1109 506 1151 sese
521 1090 647 1152 habent:
664 1091 695 1152 in
709 1091 828 1152 victoria
842 1092 887 1152 vol
898 1092 1008 1172 ignavis
1019 1093 1136 1172 gloriari
1146 1093 1224 1166 licet,

161 1175 303 1236 advorsae
317 1193 365 1235 res
380 1174 470 1236 etiam
485 1175 581 1235 bonos
596 1175 768 1237 detrectant.

97 1272 138 1323 10
247 1257 380 1320 Metellus
400 1259 431 1320 in
450 1259 562 1322 eisdem
581 1260 684 1320 castris
705 1260 861 1339 quatriduo
876 1267 1009 1322 moratus
1023 1261 1138 1322 saucios
1154 1279 1223 1322 cum
1244 1261 1286 1322 st

160 1360 233 1404 carra
250 1344 357 1416 reficit,
379 1343 502 1406 meritos
522 1345 554 1405 in
572 1344 689 1424 proeliis
708 1363 792 1406 more
814 1344 933 1406 militiae
949 1345 1052 1417 donat,
1068 1345 1223 1408 univorsos

159 1427 193 1488 in
212 1428 348 1492 contione
368 1427 468 1490 laudat
485 1435 573 1508 atquc
593 1429 653 1506 agit
672 1429 794 1507 gratias,
814 1428 950 1490 hortatur
964 1430 1001 1490 ad
1016 1437 1127 1501 cetera,
1148 1449 1223 1510 quae

160 1511 233 1573 levia
247 1521 330 1585 sunt,
346 1531 448 1592 parem
464 1513 597 1574 animum
611 1520 727 1593 gerant:
743 1532 798 1592 pro
813 1513 933 1574 victoria
948 1514 1019 1574 satis
1034 1513 1093 1574 iam
1108 1533 1223 1594 pugna-

158 1601 240 1669 tum,
260 1597 389 1676 reliquos
409 1597 523 1658 labores
543 1616 600 1676 pro
616 1597 810 1676 praedatore.
840 1605 941 1658 tamon
954 1597 1073 1658 interim
1089 1599 1221 1660 translu-
1243 1607 1258 1658 t

99 1695 137 1746 15
159 1700 211 1762 gas
231 1689 259 1742 et
274 1681 347 1743 ahos
361 1689 555 1761 opportunos,
572 1682 711 1760 Iugurtha
726 1682 776 1742 ubi
790 1681 922 1760 gentium
938 1689 989 1742 aut
1003 1682 1074 1760 quid
1089 1683 1220 1762 agitaret,

159 1785 229 1828 oum
243 1767 382 1846 paucisne
396 1774 475 1827 esset
489 1784 526 1826 an
540 1766 701 1827 exercitum
716 1765 849 1839 haberet,
866 1773 900 1828 ut
914 1785 979 1826 sese
999 1766 1093 1827 victus
1107 1777 1222 1845 gereret

158 1851 344 1930 exploratum
363 1851 454 1912 misit.
484 1858 514 1912 at
535 1851 582 1912 ille
596 1869 661 1912 sese
676 1851 784 1912 in-loca
799 1851 929 1920 saltuosa
943 1858 974 1912 et
987 1858 1093 1912 natura
1106 1851 1221 1914 munita
1241 1861 1257 1910 a

158 1944 310 2016 receperat
330 1935 430 2015 ibique
452 1935 574 2014 cogebat
593 1935 754 1996 exercitum
773 1952 898 1996 numero
917 1935 1074 1996 hominum
1094 1935 1220 2016 amplio-

158 2037 224 2081 rem
238 2021 290 2082 sed
305 2020 442 2082 hebetem
457 2021 677 2100 infirmumque,
693 2020 754 2099 agri
767 2037 801 2081 ao
815 2020 929 2100 pecoris
944 2020 1035 2099 magis
1051 2039 1140 2099 quam
1152 2020 1220 2081 belli

97 2118 137 2168 20
160 2105 315 2166 cultorem.
352 2105 383 2166 id
406 2125 441 2166 ea
459 2106 550 2184 gratia
570 2105 734 2176 eveniebat,
756 2105 834 2182 quod
855 2111 971 2184 practer
990 2105 1087 2183 regios
1107 2105 1220 2185 equites
1240 2117 1257 2166 t

157 2209 248 2252 nemo
269 2191 403 2252 omnium
418 2189 544 2250 Numida
563 2209 600 2250 ex
619 2189 687 2269 fuga
708 2207 807 2268 regem
828 2191 977 2268 sequitur:
999 2208 1057 2268 quo
1077 2189 1218 2268 cuiusque

157 2275 274 2336 animus
287 2275 355 2347 fert,
371 2293 405 2335 eo
422 2274 575 2336 discedunt
589 2291 686 2354 neque
701 2273 731 2334 id
746 2273 887 2353 flagitium
898 2274 1017 2336 militiae
1029 2274 1155 2336 ducitur.
1179 2275 1219 2336 ita

156 2379 189 2421 se
203 2378 303 2422 mores
318 2359 437 2421 habent.

240 2443 333 2524 Igitur
346 2443 479 2506 Metellus
499 2443 550 2504 ubi
569 2443 647 2503 videt
665 2443 743 2522 regis
756 2443 845 2504 otiam
860 2450 925 2504 tum
940 2443 1073 2504 animum
1087 2443 1219 2522 ferocem
1239 2444 1263 2508 δ’

97 2539 134 2592 25
157 2547 232 2603 esse,
252 2529 364 2590 bellum
378 2528 528 2601 renovari,
550 2528 628 2606 quod
644 2527 700 2588 nisi
714 2547 750 2588 cx
764 2527 840 2588 illius
854 2527 982 2588 lubidine
996 2528 1057 2607 geri
1072 2545 1133 2588 non
1147 2547 1218 2607 pos-

158 2619 213 2688 set,
229 2621 379 2694 praeterea
393 2613 504 2674 inicum
519 2619 669 2674 certamen
683 2612 739 2673 sibi
753 2631 821 2673 oum
836 2611 980 2683 hostibus,
996 2613 1111 2672 minore
1126 2611 1218 2674 detri-

156 2707 260 2760 mento
281 2698 346 2759 illos
366 2699 441 2758 vinci
460 2717 549 2777 quam
570 2716 641 2758 suos
655 2697 780 2770 vincere,
795 2695 899 2758 statuit
912 2713 974 2756 non
988 2695 1106 2776 proeliis
1120 2713 1217 2775 neqtm

157 2785 189 2844 in
199 2784 261 2844 acie
280 2784 332 2844 sed
344 2783 400 2844 alio
417 2801 501 2844 more
512 2782 623 2844 bellum
635 2781 810 2860 gerundum.
834 2781 932 2859 itaque
943 2780 974 2840 in
985 2779 1049 2841 loca
1060 2779 1217 2840 Numidiae
1238 2795 1254 2846 o

158 2868 382 2948 opulentissima
401 2867 510 2947 pergit,
532 2885 616 2946 agros
637 2872 746 2938 vastat,
765 2866 859 2926 multa
874 2864 990 2926 castella
1005 2874 1035 2924 et
1050 2864 1156 2943 oppida
1171 2871 1218 2926 te·

99 2965 136 3016 ao
157 2972 239 3014 mere
255 2952 369 3013 munita
383 2960 434 3014 aut
448 2953 511 3012 sine
526 2951 670 3032 praesidio
686 2951 764 3030 capit
778 2949 976 3028 incenditque,
987 2949 1112 3029 puberes
1124 2949 1218 3031 inter-

157 3037 204 3099 fici
218 3037 310 3110 iubet,
327 3037 379 3097 alia
394 3037 493 3098 omnia
508 3035 636 3096 militum
651 3035 791 3114 praedam
805 3053 879 3095 esse.
909 3051 943 3094 ea
957 3033 1116 3095 formidine
1131 3033 1219 3096 multi

157 3122 297 3183 mortales
316 3121 456 3182 Romanis
475 3120 565 3182 dediti
584 3120 715 3190 obsides,
736 3119 922 3180 frumentum
941 3126 971 3179 et
989 3119 1044 3179 alia
1063 3136 1138 3198 quae
1152 3120 1220 3179 usui

156 3208 256 3268 forent
279 3206 388 3268 affatim
412 3205 557 3284 praebita,
585 3204 764 3284 ubicumque
782 3222 830 3266 res
850 3201 1017 3284 postulabat
1040 3203 1219 3283 praesidium

157 3291 330 3372 inpositum.
361 3307 435 3370 quae
453 3289 569 3368 nogotia
588 3290 682 3350 multo
698 3289 791 3368 magis
807 3307 895 3368 quam
909 3288 1054 3367 proelium
1069 3287 1145 3346 male
1159 3305 1216 3382 pu·
1238 3301 1252 3350 7

102 3385 135 3436 35
157 3385 280 3457 gnatum
305 3374 341 3435 ab
365 3375 426 3436 suis
447 3393 548 3455 regem
565 3373 727 3446 terrebant,
750 3373 859 3453 quippo
879 3371 962 3432 cuius
983 3388 1051 3449 spes
1071 3370 1169 3431 omnis
1186 3384 1254 3436 ms

226 3597 242 3646 2
255 3595 420 3646 aduentarcnt
428 3595 575 3646 Pietaobius
587 3591 597 3662 ΙΙ
610 3594 625 3644 6
635 3600 747 3644 mutatur
755 3595 838 3644 Pn'cc.
847 3591 894 3642 ool.
904 3591 936 3642 vIl
940 3605 966 3656 p.
977 3589 1036 3653 296,
1049 3595 1165 3640 exortum
1175 3587 1221 3638 PC

156 3664 344 3747 lil'detrectont
356 3664 380 3713 P
391 3663 531 3744 (deterrent
540 3679 558 3730 p
571 3665 597 3711 a'n
609 3665 705 3728 morgi
721 3659 751 3723 C,
770 3661 913 3740 detractant
928 3656 967 3724 011
986 3659 1016 3707 13
1036 3664 1094 3775 sung
1105 3654 1156 3720 PU,
1166 3656 1219 3706 sint

157 3729 490 3867 mutatum
506 3725 1219 3865 btttttttltbutbttttttttutttt

162 3867 192 3917 18
205 3866 351 3947 ‘exereitum
363 3885 389 3914 s*
402 3880 505 3945 numero
519 3865 544 3914 P
558 3863 567 3932 ΙΙ
585 3867 615 3945 ²¹.
637 3865 792 3942 numidarum
806 3862 836 3927 C,
854 3861 951 3912 numida
964 3863 988 3912 P
998 3862 1043 3922 (ore
1054 3862 1118 3940 -ial
1132 3857 1221 3974 011241

159 3931 886 4122 utqg?'pbltls'tttttttltttttl
893 3927 1036 4062 buil?
1040 3926 1216 4060 tutatuta

159 4083 230 4120 curus
286 4107 294 4135 ,
308 4085 348 4118 om
