2846 4682
1258 249 1325 276 „aar
1358 219 1360 223 ¹

227 365 268 424 52
596 361 625 412 C.
636 359 797 414 SALLUS'II
815 361 917 414 CRISPI
1014 369 1017 374 '
1073 361 1075 368 ’

226 516 308 596 prius
332 523 433 578 tamen
457 515 557 576 omnia
584 515 646 595 pati
671 516 798 577 decrevit
824 535 912 595 quam
937 514 1049 577 bellurn
1066 535 1197 588 sumere,
1219 516 1288 596 quia

190 611 206 660 6
226 607 404 680 temptatum
424 607 510 662 antea
524 618 609 661 secus
624 607 760 662 cesserat.
790 618 887 680 neque
901 619 937 661 eo
952 600 1045 680 magis
1061 601 1166 680 cupido
1181 601 1287 680 Iugur-

226 687 294 746 11111
314 685 517 758 minuebatur,
534 685 641 764 quippe
656 685 706 764 qui
720 691 819 746 totum
834 685 897 746 eius
911 699 1037 764 regnum
1051 686 1149 746 animo
1165 685 1224 746 iam
1238 685 1287 746 in·

191 780 204 828 t
227 779 348 832 vaserat.
372 771 470 850 itaque
484 786 546 830 non
559 770 604 831 uti
614 777 700 830 autea
715 789 782 831 cum
799 769 982 850 praedatoria
999 788 1098 842 111111,
1117 771 1168 831 sed
1179 789 1286 850 magno
1418 831 1419 842 ,

227 856 358 916 exercitu
378 861 536 934 conparato
558 854 668 916 bellum
687 873 788 934 gerere
804 855 901 934 coepit
916 861 946 915 et
960 861 1060 933 aperte
1074 855 1165 916 totius
1180 854 1286 916 Numi-
1309 871 1324 918 a
1418 865 1419 906 1

172 997 175 1000 ,
190 947 206 998 8
228 939 291 1000 diae
305 940 463 1020 imperium
478 946 589 1020 petere.
611 945 743 1000 ceterum
755 959 814 1019 qua
824 939 963 1020 pergebat
973 939 1055 1000 urbis
1065 957 1150 1018 agros
1162 947 1285 1013 vastare,
1295 939 1333 1003 l(
1418 953 1419 1022 j

167 1023 208 1084 21
226 1025 348 1103 praedas
363 1043 455 1104 agere,
473 1023 533 1084 suis
548 1023 681 1084 animum
695 1025 830 1088 hostibus
844 1031 990 1085 terrorem
1004 1042 1119 1103 augere.
1143 1024 1288 1086 Adherbal
1418 1027 1419 1050 ¹

226 1109 278 1170 ubi
297 1109 438 1190 intellegit
457 1129 492 1168 eo
512 1126 698 1188 processum,
718 1109 763 1170 uti
783 1127 908 1188 regnum
923 1115 974 1170 aut
987 1109 1193 1172 rehneundum
1209 1118 1288 1171 esset

227 1200 278 1255 aut
292 1193 381 1255 armis
395 1193 596 1265 retinendum,
617 1193 782 1255 necessario
803 1193 901 1273 copias
916 1199 1000 1274 parat
1014 1201 1045 1255 et
1059 1194 1216 1274 Iugurthae
1231 1195 1286 1256 ob-

191 1289 206 1338 1
228 1278 290 1339 vius
305 1277 447 1358 procedit.
470 1277 590 1338 interim
605 1277 683 1338 haud
697 1278 782 1358 longe
798 1298 815 1340 a
829 1279 905 1340 mari
918 1297 1010 1358 prope
1023 1278 1133 1340 Cirtam
1145 1279 1286 1359 oppidum
1309 1293 1341 1343 10

225 1363 379 1443 utriusque
400 1363 545 1423 1111111111
566 1361 698 1422 consedit
719 1370 749 1424 et
768 1362 836 1441 quia
857 1363 914 1424 diei
932 1369 1099 1424 extremum
1120 1369 1183 1425 erat
1197 1381 1286 1444 proe-

226 1447 374 1514 liummon
388 1447 548 1525 inceptum.
572 1445 624 1506 sed
638 1445 690 1506 uhi
703 1447 877 1526 plerumque
888 1448 983 1508 noctis
995 1448 1146 1526 processit,
1160 1447 1286 1510 obscuro

226 1532 316 1593 etiam
335 1539 402 1592 tum
421 1531 532 1592 lumine
552 1530 660 1591 milites
676 1531 839 1610 Iugurthini
858 1532 942 1610 signo
962 1533 1030 1592 dato
1046 1539 1140 1593 castra
1154 1533 1288 1594 hostiurn

226 1617 383 1689 invadunt,
403 1615 600 1677 semisomnos
620 1615 729 1695 partim
749 1615 819 1676 alios
840 1633 921 1676 arma
940 1617 1084 1677 sumentis
1098 1617 1201 1696 iugant
1215 1617 1286 1678 iun-

226 1701 369 1782 duntque.
399 1699 545 1762 Adherbal
564 1719 633 1761 cum
654 1701 753 1779 paucis
773 1700 921 1779 equitibus
937 1701 1046 1760 Cirtam
1067 1701 1197 1780 profugit
1211 1709 1242 1762 et
1257 1703 1288 1762 ni
1310 1715 1340 1765 15

226 1785 386 1848 multitudo
409 1792 579 1866 togatorum
594 1784 710 1858 luisset,
728 1803 802 1864 quae
818 1785 959 1846 Numidas
974 1785 1156 1864 insequentis
1171 1787 1287 1848 moeni-

225 1871 281 1932 bus
296 1871 456 1951 prohibnit,
472 1888 532 1932 uno
548 1869 594 1930 die
609 1869 687 1939 Inter
701 1870 774 1930 duos
789 1887 872 1949 reges
888 1876 1027 1948 coeptum
1038 1877 1126 1950 atque
1138 1877 1288 1949 patratum

191 1956 207 2006 3
227 1955 337 2016 bellum
350 1956 437 2016 foret.
467 1955 554 2033 igitur
567 1954 709 2033 Iugurtha
724 1955 864 2034 oppidum
880 1955 1075 2027 circumsedit,
1091 1955 1288 2018 1111111111·-

227 2039 340 2118 busque
366 2046 396 2100 et
418 2039 562 2106 machinis
590 2039 725 2116 omn'rum
750 2057 891 2118 generum
917 2057 1083 2120 expugnare
1110 2041 1286 2120 adgreditur,

226 2143 364 2186 maxume
378 2124 522 2188 festinans
533 2131 652 2202 tempus
663 2123 826 2202 legatorum
837 2131 1017 2203 antecapere,
1031 2144 1105 2204 quos
1117 2133 1184 2187 ante
1195 2145 1284 2205 proe—
1309 2141 1342 2192 20

209 2268 210 2274 ,
226 2208 300 2269 lium
313 2210 426 2270 factum
441 2208 476 2286 ab
491 2207 654 2269 Adherbale
668 2209 795 2269 Romam
810 2209 916 2270 missos
931 2209 1090 2270 audiverat.

190 2297 208 2346 4
314 2295 372 2354 Sed
392 2301 549 2374 postquam
570 2299 689 2354 senatus
704 2293 826 2355 debello
838 2295 1078 2374 eorumaccepit,
1095 2295 1287 2356 tresadules-

228 2383 328 2438 centes
343 2377 375 2438 11
385 2379 513 2438 Africam
527 2378 673 2456 legantur,
690 2378 741 2457 qui
755 2377 858 2442 ambos
872 2398 955 2459 reges
966 2380 1085 2452 adeant,
1102 2386 1221 2441 senatus
1231 2398 1288 2459 po-

227 2461 347 2542 pulique
366 2462 502 2524 Romanii
522 2461 617 2523 verbis
636 2463 774 2525 nuntient
792 2465 865 2525 velle
884 2471 914 2526 et
931 2482 1050 2524 censere
1070 2481 1121 2526 eos
1142 2464 1178 2524 ab
1199 2463 1288 2524 armis

228 2547 387 2620 discedere,
400 2548 436 2608 dc
448 2547 656 2608 controvorsiis
667 2547 728 2608 suis
738 2549 803 2608 iure
813 2549 911 2628 potius
924 2551 1012 2626 quarn
1023 2547 1099 2609 bello
1112 2549 1288 2628 disceptare:
1310 2565 1343 2615 25

166 2628 209 2689 22
228 2631 269 2692 ita
282 2651 375 2712 seque
389 2631 503 2710 illisque
519 2631 640 2712 dignum
653 2651 728 2716 esse.
754 2631 841 2712 legati
856 2633 886 2693 in
897 2633 1026 2694 Africam
1040 2639 1222 2694 maturantes
1237 2652 1288 2693 ve-

229 2717 329 2788 niunt,
348 2736 384 2778 eo
399 2717 491 2796 magis
507 2717 586 2796 quod
600 2716 726 2791 Romae,
748 2716 820 2778 dum
834 2717 978 2795 proficisci
992 2724 1110 2796 parant,
1127 2718 1164 2778 de
1177 2717 1289 2797 proelio

228 2802 306 2866 facto
326 2808 356 2862 et
375 2800 593 2881 oppugnatione
608 2800 704 2862 Cirtae
723 2801 909 2862 audiebatur:
929 2801 1021 2862 sedis
1043 2819 1148 2863 rumor
1161 2803 1290 2864 clemens

192 2893 209 2942 2
229 2893 300 2946 erat.
341 2903 469 2964 quorum
492 2885 632 2965 Iugurtha
653 2893 772 2966 accepta
796 2885 927 2947 oratione
946 2885 1099 2966 respondit
1118 2887 1174 2948 sibi
1193 2905 1291 2966 neque

229 2970 324 3030 maius
338 2968 496 3048 quicquam
510 2987 606 3048 neque
621 2969 716 3030 carius
730 2971 904 3032 auctoritate
924 2977 1044 3033 senatus
1059 2989 1139 3046 esse3
1159 2972 1196 3033 ab
1212 2972 1287 3034 adu·
1312 2987 1345 3037 30

176 3073 182 3078 ·
228 3051 367 3112 lescentia
381 3053 421 3112 ita
435 3072 467 3113 se
482 3053 598 3114 enisum
609 3060 642 3114 ut
654 3053 689 3114 ab
702 3060 825 3134 optumo
838 3074 956 3136 quoque
968 3055 1158 3136 probaretur;
1173 3057 1289 3128 1111111,

228 3153 290 3197 111
309 3134 420 3198 malitia
439 3137 472 3198 P.
494 3137 623 3216 Scipioni
643 3157 762 3201 summo
782 3140 843 3200 viro
858 3141 1016 3220 placuisse3
1033 3141 1071 3202 oh
1086 3141 1205 3202 easdem
1220 3141 1291 3202 11111

192 3231 208 3282 3
228 3239 245 3282 1
259 3219 377 3300 Micipsa
391 3239 453 3281 non
466 3221 589 3302 penuria
602 3222 764 3284 liberorum
779 3224 810 3285 11
821 3243 945 3305 regnum
956 3227 1129 3305 adoptatum
1140 3244 1214 3286 esse.
1241 3244 1292 3288 ce-

228 3313 327 3366 terum
348 3323 407 3386 quo
422 3306 506 3386 plura
525 3306 600 3369 bene
616 3314 703 3386 atque
719 3315 837 3370 strenue
852 3311 983 3384 fecisset,
1004 3330 1039 3370 eo
1055 3311 1187 3372 animum
1202 3329 1292 3372 suum

161 3394 165 3402 '
190 3401 208 3452 4
229 3391 366 3452 iniuriam
377 3391 476 3452 minus
486 3391 622 3454 tolerare.
644 3392 838 3455 Adherbalem
850 3394 923 3454 dolis
934 3395 1009 3456 vitae
1020 3413 1091 3456 suae
1102 3395 1289 3468 insidiatum3
1311 3405 1344 3458 35

229 3475 308 3554 quod
323 3475 374 3536 ubi
389 3476 581 3556 conperisset,
598 3477 701 3538 sceleri
715 3479 778 3539 eius
794 3477 910 3540 obviam
924 3479 991 3540 isse.
1021 3479 1165 3559 populum
1179 3479 1290 3540 Roma-

228 3577 301 3621 num
320 3577 416 3638 neque
437 3567 516 3621 recte
535 3579 630 3640 neque
645 3580 699 3644 pro
714 3563 793 3624 hono
808 3563 971 3637 iacturum,
992 3563 1017 3624 si
1031 3565 1068 3624 ab
1082 3564 1145 3625 iure
1158 3563 1291 3643 gentium

228 3661 292 3703 sese
315 3643 507 3722 prohibuerit.
540 3652 691 3725 postremo
714 3647 750 3707 de
770 3647 908 3709 omnibus
927 3648 1016 3710 rebus
1035 3649 1145 3729 legatos
1165 3649 1292 3710 Romam

193 3741 208 3790 5
227 3725 309 3800 brevi
324 3728 494 3789 missurum.
524 3729 564 3790 ita
578 3729 694 3809 utrique
706 3730 916 3810 digrediuntur.
947 3732 1117 3796 Adherbalis
1128 3733 1293 3813 appellandi

299 3873 311 3923 l
331 3887 431 3924 sumere
442 3877 500 3942 quia
509 3893 540 3944 p,
552 3894 676 3929 summere
689 3896 761 3946 quem
772 3882 797 3932 P
808 3879 817 3949 11
831 3881 846 3930 3
864 3883 913 3934 iarn
930 3901 950 3934 e.
967 3901 989 3934 e.
1001 3885 1025 3935 P
1036 3882 1045 3952 ll
1059 3883 1074 3934 6
1093 3890 1181 3950 aperto
1199 3879 1244 3952 ΡΙΙ
1259 3883 1288 3934 11

245 3942 350 3992 roelium
362 3957 398 3992 aa:
408 3945 506 4008 proelio
519 3943 563 4011 Pl
579 3947 610 3996 14
625 3947 747 3998 inuadunt
763 3965 799 4000 ece
815 3949 913 4002 inuadit
924 3952 948 4002 P
960 3949 969 4020 ΙΙ
982 3951 1008 4002 11
1025 3958 1069 4002 ent
1085 3950 1240 4018 funduntque
1256 3968 1292 4002 11·

227 3958 316 4060 ludant
328 4008 478 4078 fundentque
491 4015 513 4064 Ρ
524 4009 534 4082 ΙΙ
547 4015 580 4064 20
598 4015 756 4078 laegatorum
766 4034 803 4068 11
813 4017 965 4084 largitorum
975 4021 1000 4070 ‘P
1009 3968 1025 4086 I
1034 4019 1067 4068 24
1084 4019 1171 4069 uerbis
1183 4036 1204 4070 1.
1216 4036 1238 4071 e.
1251 4018 1293 4087 Pl

229 4077 261 4126 25
280 4079 310 4128 de
322 4080 505 4132 controuersiis
517 4109 534 4120 -
545 4081 687 4150 disceptare
699 4101 721 4151 1,
734 4101 784 4138 om.
797 4083 863 4155 Pon
876 4086 910 4138 34
927 4103 975 4154 quo
985 4086 1015 4154 ’0,
1027 4087 1093 4153 quod
1104 4085 1151 4137 PC
