2846 4682
177 343 220 404 56
304 349 305 352 ’
548 335 575 389 C.
589 332 748 390 sunuusrl
766 334 868 388 culslu

175 501 240 556 tum
255 493 346 555 modo
359 492 429 554 belli
443 509 559 554 moram
573 491 745 564 redimebat,
761 490 942 552 existumans
957 507 1022 551 sese
1037 487 1146 568 aliquid
1159 489 1239 550 intc-'

175 579 232 640 rim
246 579 358 639 Romae
372 577 467 657 pretio
481 583 532 642 aut
545 577 636 656 gratia
650 579 833 638 effecturum.
862 581 965 654 postea
978 593 1047 635 vero
1063 591 1154 653 quam
1168 591 1239 654 par-

173 663 294 742 ticipem
308 662 408 742 negoti
423 663 567 724 Scaurum
582 663 701 741 aceepit,
716 661 747 722 in
759 668 928 722 maxumam
939 677 1024 740 spem
1034 659 1178 720 adductus
1188 677 1239 719 re·

175 747 355 826 cupermdae
375 747 469 827 pacis,
490 746 593 808 statuit
608 747 734 808 cumeis
750 745 786 806 de
801 745 939 806 omnibus
953 744 1137 824 pactionibus
1152 761 1238 823 prae—

138 842 155 892 4
175 849 244 894 sens
265 849 358 912 agere.
389 839 521 893 ceterum
541 831 650 893 interea
671 830 738 892 fidei
753 849 839 891 causa
853 829 981 890 mittitur
995 849 1012 890 a
1027 829 1148 890 consule
1164 829 1295 895 Sex-5..

174 917 234 978 tius
250 909 389 996 quaestor
402 917 434 976 in
445 916 588 998 oppidum
599 915 756 994 Iugurthae
765 915 882 994 Vagam.
902 915 1043 976 cuius-rei
1053 913 1165 994 species
1177 919 1239 973 erat

175 1001 305 1081 acceptio
325 1001 482 1073 innuenti,
506 1001 585 1080 quod
605 1000 780 1080 Calpurnius
798 1000 894 1078 palam
914 999 1014 1078 legatis
1034 998 1237 1078 imperaverat,

138 1097 153 1147 5
176 1087 318 1166 quoniam
330 1086 486 1148 deditionis
497 1103 581 1146 mora
592 1085 722 1146 indutiae
730 1084 922 1164 agitabantur.
943 1083 1032 1162 igitur
1039 1101 1101 1156 rex,
1113 1083 1156 1144 uti
1165 1101 1238 1144 cou-

174 1173 324 1242 stituerat,
346 1171 378 1230 in
399 1178 492 1231 castra
510 1169 589 1230 veuit
608 1189 642 1230 ao
664 1187 755 1248 pauca
774 1169 921 1248 praesenti
936 1167 1056 1230 consilio
1071 1168 1186 1231 locutus
1201 1167 1238 1228 de

174 1255 283 1316 invidia
296 1255 366 1316 lacti
380 1255 427 1316 sui
441 1261 529 1334 atque
539 1254 583 1314 uti
598 1254 629 1314 in
644 1254 823 1315 deditionem
838 1253 1028 1333 acciperetur,
1044 1252 1156 1332 reliqua
1168 1271 1236 1313 eum
1263 1267 1301 1317 10

175 1339 271 1400 Bestia
285 1345 316 1398 et
330 1339 442 1400 Scauro
456 1345 567 1400 secreta
581 1339 725 1417 transigit.
755 1339 823 1400 dein
837 1345 957 1418 postero
973 1337 1019 1397 die
1030 1337 1115 1416 quasi
1125 1355 1179 1416 per
1190 1355 1239 1398 sa-

139 1433 155 1484 d
174 1429 274 1484 turam
294 1423 448 1484 sententiis
470 1422 621 1502 exquisitis
636 1423 668 1484 in
682 1423 863 1484 deditionem
878 1421 1028 1501 accipitur.
1059 1421 1110 1482 sed
1124 1422 1169 1482 uti
1182 1440 1237 1500 pro

176 1507 299 1568 oonsilio
319 1507 496 1586 imperatum
517 1515 596 1578 erat,
623 1507 770 1588 elephanti
788 1507 922 1586 triginta,
950 1523 1041 1586 pecus
1062 1513 1151 1585 atque
1169 1507 1239 1585 equi

138 1601 153 1650 t
175 1591 261 1652 multi
272 1610 340 1652 cum
352 1610 441 1670 parvo
453 1592 566 1672 argenti
576 1592 708 1671 pondere
719 1591 868 1671 quaestori
878 1591 1044 1652 traduntur.
1064 1591 1238 1670 Calpurnius

174 1676 301 1756 Romam
317 1676 353 1736 ad
372 1677 558 1756 magistratus
568 1677 714 1754 rogandos
725 1677 929 1756 proficiscitur.
956 1677 988 1736 in
998 1675 1135 1737 Numidia
1146 1683 1175 1736 et
1185 1695 1236 1736 ex·
1263 1691 1305 1740 15*

163 1761 269 1822 'ercitu
282 1768 386 1822 nostro
400 1779 456 1841 pax
470 1757 654 1854 agitabatur(

112 1845 154 1908 80
260 1845 422 1924 Postquam
443 1864 491 1907 res
510 1846 542 1906 in
556 1845 653 1906 Africa
671 1851 768 1924 gestas
791 1863 908 1924 quoque
930 1844 1019 1906 modo
1043 1852 1124 1906 actae
1139 1844 1238 1905 forent

174 1929 254 1991 fama
273 1930 439 2010 divolgavit,
461 1931 572 1992 Romae
592 1949 647 2010 per
667 1930 764 1992 omnis
784 1930 864 1992 locos
885 1937 915 1991 et
930 1937 1091 1991 conventus
1107 1929 1143 1990 de
1157 1930 1236 1990 facto

175 2014 303 2076 consulis
317 2015 427 2096 agitari.
457 2016 534 2094 apud
545 2016 661 2094 plebem
673 2015 765 2094 gnaris
777 2015 892 2086 invidia,
904 2021 1003 2094 patros
1015 2014 1130 2075 solliciti
1140 2021 1233 2074 erant.

174 2100 373 2178 probarentne
387 2106 505 2160 tantum
516 2099 658 2178 flagitium
670 2117 708 2160 an
719 2101 869 2160 decretum
885 2098 1013 2160 consulis
1032 2099 1237 2159 subverterent
1258 2113 1298 2164 20

138 2195 153 2244 2
174 2201 280 2261 parum
297 2184 458 2244 constabat.
489 2203 522 2244 ac
537 2201 674 2244 maxume
690 2202 741 2244 eos
756 2183 887 2262 potentia
902 2183 1014 2256 Scauri,
1031 2183 1110 2262 quod
1124 2183 1150 2242 is
1164 2201 1235 2245 auc·

138 2275 154 2325 3
174 2273 224 2326 tor
242 2273 272 2326 et
291 2267 388 2328 socius
403 2267 516 2328 bestiae
535 2268 700 2340 ferebatur,
721 2287 738 2328 a
758 2285 826 2328 vero
845 2268 983 2345 bonoque
1001 2267 1175 2346 inpediebat.
1205 2273 1237 2328 at

175 2349 206 2411 C.
222 2349 389 2423 Memmius,
405 2351 487 2412 cuius
503 2351 538 2412 de
552 2351 686 2412 libertato
701 2351 799 2430 ingeni
812 2359 843 2412 et
858 2351 1088 2432 odio-potentiae
1099 2351 1236 2412 nobilita-

174 2435 212 2494 tis
227 2453 316 2514 supra
331 2435 467 2508 diximus,
483 2434 790 2516 interjgdubitationem
805 2443 835 2498 et
846 2453 945 2498 moras
957 2443 1077 2497 senatus
1089 2436 1235 2498 contioni-

174 2519 230 2580 bus
244 2519 388 2599 populum
402 2521 439 2581 ad
453 2519 660 2582 vindicandum
674 2522 795 2594 hortari,
811 2531 932 2598 monere
947 2539 985 2582 ne
999 2539 1063 2582 rem
1077 2521 1233 2600 publicam,
1257 2537 1296 2587 25·

174 2620 212 2664 ne
232 2603 398 2666 libertatem
418 2623 503 2667 suam
525 2606 708 2680 desererent,
730 2606 824 2668 multa
837 2606 964 2686 superba
978 2613 1008 2666 et
1023 2605 1151 2667 crudelia
1164 2606 1236 2666 faoi·

114 2761 119 2768 ¹
174 2707 247 2750 nora
266 2689 425 2750 nobilitatis
447 2692 617 2754 ostendere:
639 2710 760 2774 prorsus
780 2691 911 2752 intentus
932 2691 1015 2752 omni
1034 2691 1124 2751 modo
1144 2689 1238 2770 plebis

136 2783 155 2831 4
174 2774 307 2835 animum
323 2775 507 2840 incendebat.
537 2778 588 2838 sed
604 2777 744 2856 quonlam
759 2795 793 2836 ea
806 2781 983 2855 tempestate
994 2776 1106 2836 Romae
1117 2775 1238 2836 Memmi

173 2858 309 2920 facundia
329 2861 406 2921 clara
425 2861 597 2940 pollensque
617 2861 686 2934 fuit,
709 2861 812 2921 decere
833 2861 1006 2922 existumavi
1020 2877 1163 2922 unamex
1175 2868 1237 2922 tam

174 2943 276 3003 multis
307 2945 470 3004 orationem
498 2945 561 3004 eius
588 2945 769 3023 perscribere
793 2964 827 3006 ac
848 2945 1049 3024 potissumum
1071 2952 1105 3006 ea
1130 2945 1235 3019 dicam,
1258 2959 1294 3011 ee

175 3043 250 3106 quae
270 3027 300 3086 in
321 3027 458 3088 contione
477 3035 546 3107 post
566 3029 693 3090 reditum
716 3029 830 3091 Bestiae
843 3030 1048 3092 huiuscemodi
1063 3029 1158 3092 verbis
1174 3031 1236 3092 dis-

175 3110 278 3172 seruit.

111 3191 152 3254 tt
241 3187 358 3256 ‘Multa
377 3215 427 3257 me
454 3196 647 3258 dehortantur
671 3197 807 3272 archis,
829 3199 973 3272 Quirites,
995 3200 1026 3260 ni
1045 3199 1178 3260 studium
1193 3201 1237 3261 rei

242 3377 259 3426 4
277 3379 341 3430 stnit
358 3377 403 3448 ΡΙΙ
416 3379 432 3430 6
449 3396 538 3447 uagam
551 3381 604 3447 (vel
614 3383 715 3446 caeam)
730 3383 756 3450 C,
773 3383 809 3448 ef.
827 3382 919 3433 titulm
930 3373 1117 3445 nassowa,
1133 3397 1236 3434 naccam

173 3445 197 3494 P
208 3447 263 3512 (qui
273 3452 422 3500 constanter
438 3465 515 3500 uacca
527 3453 553 3500 et
564 3465 700 3502 neccenses
712 3452 825 3514 exhibet)
841 3450 893 3512 Cle
906 3451 998 3515 quidue
1008 3465 1077 3500 unua
1087 3455 1237 3503 aomtmuar

172 3518 419 3646 illilihlli‘l
434 3513 1236 3652 l.⁷..tt⁰l‘.t⁰.tttlt0¹⁰.ll⁰..tltttttlttlttt

171 3654 246 3710 genta
259 3649 288 3709 (o
304 3654 386 3714 aroc.)
396 3600 450 3718 1²1qu
464 3653 493 3701 15
506 3653 670 3717 magistratus
686 3624 812 3718 rogan’dos
827 3601 865 3704 {a
881 3602 1046 3718 megi’stratos
1057 3654 1184 3718 rogandus
1196 3653 1237 3722 Pp

174 3713 205 3793 Ῑβ
223 3713 290 3793 lpma
300 3733 326 3782 p,
339 3716 403 3768 lame
415 3720 439 3769 P
450 3715 460 3786 ss
484 3717 551 3770 lacto
561 3737 588 3787 p,
601 3720 669 3772 lacta
680 3719 725 3788 ΡΙΙ
739 3721 771 3771 19
787 3721 869 3787 patris
885 3719 931 3788 Pil
944 3721 976 3771 ²3
994 3721 1123 3786 potentias}
1143 3719 1188 3790 Pu
1201 3723 1233 3771 25

170 3781 346 3832 umdroandum
355 3801 381 3852 p,
394 3786 567 3836 uindicandam
579 3789 603 3838 P
613 3785 623 3844 ΙΙ
636 3804 738 3839 monere
750 3804 781 3838 ne
793 3789 971 3854 rempublicam
981 3805 1010 3854 z,
1028 3803 1130 3839 monere
1142 3805 1173 3838 ne
1189 3805 1234 3856 po·

169 3849 254 3916 pulum
266 3865 395 3902 romanum
409 3852 446 3916 (P.
458 3853 488 3903 u.
501 3855 531 3914 Pl
544 3854 595 3917 PC,
608 3871 710 3906 monere
722 3871 746 3920 p.
758 3872 779 3906 r.
793 3871 824 3906 ne
836 3871 888 3906 rem
901 3873 925 3924 p.
940 3853 980 3922 Gli
993 3856 1026 3905 26
1039 3857 1234 3907 desererentur

74 3929 77 3935 ·
170 3916 195 3966 di
210 3920 362 4000 sererentst
373 3917 383 3988 ll
396 3919 429 3970 28
446 3919 594 3972 incendebat
607 3922 659 3986 PC,
671 3923 824 3973 accendebat
836 3921 877 3990 ΟΠ
889 3929 1039 3989 tempestate
1051 3922 1088 3974 u.
1101 3922 1129 3974 Μ
1145 3924 1234 3974 emonii

169 3985 239 4102 qqut⁰
240 3988 342 4104 11σὶιῐιὶῖιιιιι)
358 3989 383 4040 P
399 3985 409 4055 ΙΙ
426 3987 459 4038 30
475 4003 606 4056 ca-quae
620 3988 650 4056 0,
668 4005 820 4056 eam-qnae
831 3991 887 4056 PG,
900 4005 1055 4056 eam-quam
1067 3988 1109 4058 011
1122 3991 1152 4042 31
1173 4007 1233 4042 con·
