<?xml version="1.0" encoding="UTF-8"?>
<!DOCTYPE html PUBLIC "-//W3C//DTD XHTML 1.0 Transitional//EN"
    "http://www.w3.org/TR/xhtml1/DTD/xhtml1-transitional.dtd">
<html xmlns="http://www.w3.org/1999/xhtml" xml:lang="en" lang="en">
 <head>
  <title>
</title>
<meta http-equiv="Content-Type" content="text/html;charset=utf-8" />
  <meta name='ocr-system' content='tesseract 3.04.00' />
  <meta name='ocr-capabilities' content='ocr_page ocr_carea ocr_par ocr_line ocrx_word'/>
</head>
<body>
  <div class='ocr_page' id='page_1' title='image "./csallusticrispi00jordgoog_0089.png"; bbox 0 0 2854 4678; ppageno 0'>
   <div class='ocr_carea' id='block_1_1' title="bbox 200 348 933 412">
    <p class='ocr_par' dir='ltr' id='par_1_1' title="bbox 200 348 933 412">
     <span class='ocr_line' id='line_1_1' title="bbox 200 348 933 412; baseline 0.007 -17"><span class='ocrx_word' id='word_1_1' title='bbox 200 351 240 412; x_wconf 79' lang='lat'><strong>76</strong></span> <span class='ocrx_word' id='word_1_2' title='bbox 570 348 598 400; x_wconf 84' lang='lat' dir='ltr'><strong>C.</strong></span> <span class='ocrx_word' id='word_1_3' title='bbox 612 348 771 404; x_wconf 72' lang='lat' dir='ltr'><strong>sannusrl</strong></span> <span class='ocrx_word' id='word_1_4' title='bbox 789 348 891 402; x_wconf 86' lang='lat' dir='ltr'>CRISPI</span> <span class='ocrx_word' id='word_1_5' title='bbox 931 395 933 400; x_wconf 93' lang='lat'><em>.</em></span> 
     </span>
    </p>
   </div>
   <div class='ocr_carea' id='block_1_2' title="bbox 115 503 1377 3292">
    <p class='ocr_par' dir='ltr' id='par_1_2' title="bbox 164 503 1265 587">
     <span class='ocr_line' id='line_1_2' title="bbox 164 503 1265 587; baseline 0 -19"><span class='ocrx_word' id='word_1_6' title='bbox 164 518 179 568; x_wconf 74' lang='lat' dir='ltr'><strong>a</strong></span> <span class='ocrx_word' id='word_1_7' title='bbox 201 505 356 568; x_wconf 88' lang='lat' dir='ltr'><strong>oonsihum</strong></span> <span class='ocrx_word' id='word_1_8' title='bbox 370 504 467 565; x_wconf 90' lang='lat' dir='ltr'><strong>habet.</strong></span> <span class='ocrx_word' id='word_1_9' title='bbox 497 503 538 566; x_wconf 89' lang='lat' dir='ltr'><strong>ita</strong></span> <span class='ocrx_word' id='word_1_10' title='bbox 552 521 637 564; x_wconf 88' lang='lat' dir='ltr'><strong>more</strong></span> <span class='ocrx_word' id='word_1_11' title='bbox 652 505 798 566; x_wconf 89' lang='lat' dir='ltr'><strong>maiorum</strong></span> <span class='ocrx_word' id='word_1_12' title='bbox 814 524 849 566; x_wconf 87' lang='lat' dir='ltr'><strong>ex</strong></span> <span class='ocrx_word' id='word_1_13' title='bbox 864 505 968 568; x_wconf 88' lang='lat' dir='ltr'><strong>consili</strong></span> <span class='ocrx_word' id='word_1_14' title='bbox 982 507 1099 568; x_wconf 86' lang='lat' dir='ltr'><strong>decreto</strong></span> <span class='ocrx_word' id='word_1_15' title='bbox 1115 525 1168 587; x_wconf 88' lang='lat' dir='ltr'><strong>per</strong></span> <span class='ocrx_word' id='word_1_16' title='bbox 1181 507 1265 587; x_wconf 92' lang='lat' dir='ltr'><strong>lega-</strong></span> 
     </span>
    </p>

    <p class='ocr_par' dir='ltr' id='par_1_3' title="bbox 115 588 1377 925">
     <span class='ocr_line' id='line_1_3' title="bbox 199 588 1264 671; baseline 0.002 -19"><span class='ocrx_word' id='word_1_17' title='bbox 199 599 246 652; x_wconf 86' lang='lat' dir='ltr'><strong>tos</strong></span> <span class='ocrx_word' id='word_1_18' title='bbox 260 590 417 669; x_wconf 80' lang='lat' dir='ltr'><strong>lugrnthae</strong></span> <span class='ocrx_word' id='word_1_19' title='bbox 437 588 562 668; x_wconf 89' lang='lat' dir='ltr'><strong>imperat</strong></span> <span class='ocrx_word' id='word_1_20' title='bbox 577 589 694 668; x_wconf 89' lang='lat' dir='ltr'><strong>argenti</strong></span> <span class='ocrx_word' id='word_1_21' title='bbox 712 590 812 669; x_wconf 91' lang='lat' dir='ltr'><strong>pondo</strong></span> <span class='ocrx_word' id='word_1_22' title='bbox 834 590 958 654; x_wconf 75' lang='lat' dir='ltr'>ducenta</span> <span class='ocrx_word' id='word_1_23' title='bbox 973 592 1068 664; x_wconf 90' lang='lat' dir='ltr'><strong>milia,</strong></span> <span class='ocrx_word' id='word_1_24' title='bbox 1089 593 1264 671; x_wconf 73' lang='lat' dir='ltr'><strong>elephantos</strong></span> 
     </span>
     <span class='ocr_line' id='line_1_4' title="bbox 163 673 1265 757; baseline 0 -21"><span class='ocrx_word' id='word_1_25' title='bbox 163 685 179 735; x_wconf 82' lang='lat' dir='ltr'><strong>a</strong></span> <span class='ocrx_word' id='word_1_26' title='bbox 200 675 311 747; x_wconf 89' lang='lat' dir='ltr'><strong>omnis,</strong></span> <span class='ocrx_word' id='word_1_27' title='bbox 332 691 477 753; x_wconf 90' lang='lat' dir='ltr'><strong>equorum</strong></span> <span class='ocrx_word' id='word_1_28' title='bbox 497 681 526 734; x_wconf 91' lang='lat' dir='ltr'><strong>et</strong></span> <span class='ocrx_word' id='word_1_29' title='bbox 545 693 697 734; x_wconf 90' lang='lat' dir='ltr'><strong>armorum</strong></span> <span class='ocrx_word' id='word_1_30' title='bbox 713 673 904 752; x_wconf 91' lang='lat' dir='ltr'><strong>aliquantum.</strong></span> <span class='ocrx_word' id='word_1_31' title='bbox 935 695 1009 755; x_wconf 90' lang='lat' dir='ltr'><strong>quae</strong></span> <span class='ocrx_word' id='word_1_32' title='bbox 1024 683 1182 757; x_wconf 83' lang='lat' dir='ltr'>postquam</span> <span class='ocrx_word' id='word_1_33' title='bbox 1197 677 1265 738; x_wconf 93' lang='lat' dir='ltr'><strong>sine</strong></span> 
     </span>
     <span class='ocr_line' id='line_1_5' title="bbox 163 757 1263 838; baseline 0.002 -18"><span class='ocrx_word' id='word_1_34' title='bbox 163 770 177 819; x_wconf 82' lang='lat'>7</span> <span class='ocrx_word' id='word_1_35' title='bbox 200 778 284 820; x_wconf 91' lang='lat' dir='ltr'><strong>mora</strong></span> <span class='ocrx_word' id='word_1_36' title='bbox 302 760 379 820; x_wconf 87' lang='lat' dir='ltr'><strong>iacta</strong></span> <span class='ocrx_word' id='word_1_37' title='bbox 398 764 483 830; x_wconf 94' lang='lat' dir='ltr'><strong>sunt,</strong></span> <span class='ocrx_word' id='word_1_38' title='bbox 506 757 587 819; x_wconf 90' lang='lat' dir='ltr'><strong>iubet</strong></span> <span class='ocrx_word' id='word_1_39' title='bbox 609 757 706 818; x_wconf 89' lang='lat' dir='ltr'><strong>omnis</strong></span> <span class='ocrx_word' id='word_1_40' title='bbox 725 759 860 838; x_wconf 81' lang='lat' dir='ltr'><strong>perfugas</strong></span> <span class='ocrx_word' id='word_1_41' title='bbox 880 759 994 821; x_wconf 89' lang='lat' dir='ltr'><strong>vinctos</strong></span> <span class='ocrx_word' id='word_1_42' title='bbox 1009 762 1123 825; x_wconf 82' lang='lat' dir='ltr'><strong>adduci.</strong></span> <span class='ocrx_word' id='word_1_43' title='bbox 1154 779 1263 822; x_wconf 91' lang='lat' dir='ltr'><strong>eorum</strong></span> 
     </span>
     <span class='ocr_line' id='line_1_6' title="bbox 115 843 1377 925; baseline 0.002 -20"><span class='ocrx_word' id='word_1_44' title='bbox 115 913 117 920; x_wconf 50' lang='grc'>,</span> <span class='ocrx_word' id='word_1_45' title='bbox 199 863 305 924; x_wconf 88' lang='lat' dir='ltr'><strong>magna</strong></span> <span class='ocrx_word' id='word_1_46' title='bbox 319 863 401 923; x_wconf 91' lang='lat' dir='ltr'><strong>pars,</strong></span> <span class='ocrx_word' id='word_1_47' title='bbox 417 844 460 904; x_wconf 92' lang='lat' dir='ltr'><strong>uti</strong></span> <span class='ocrx_word' id='word_1_48' title='bbox 475 843 588 904; x_wconf 92' lang='lat' dir='ltr'><strong>iussam</strong></span> <span class='ocrx_word' id='word_1_49' title='bbox 604 850 675 916; x_wconf 89' lang='lat' dir='ltr'><strong>erat,</strong></span> <span class='ocrx_word' id='word_1_50' title='bbox 691 843 818 915; x_wconf 89' lang='lat' dir='ltr'><strong>adducti,</strong></span> <span class='ocrx_word' id='word_1_51' title='bbox 834 845 929 923; x_wconf 89' lang='lat' dir='ltr'><strong>pauci,</strong></span> <span class='ocrx_word' id='word_1_52' title='bbox 946 846 1159 925; x_wconf 86' lang='lat' dir='ltr'><strong>cumprimum</strong></span> <span class='ocrx_word' id='word_1_53' title='bbox 1175 845 1259 906; x_wconf 88' lang='lat' dir='ltr'><strong>dedi·</strong></span> <span class='ocrx_word' id='word_1_54' title='bbox 1286 860 1304 908; x_wconf 80' lang='lat'><strong>5</strong></span> <span class='ocrx_word' id='word_1_55' title='bbox 1368 883 1377 900; x_wconf 50' lang='grc' dir='ltr'><em>ι</em></span> 
     </span>
    </p>

    <p class='ocr_par' dir='ltr' id='par_1_4' title="bbox 163 927 1264 1178">
     <span class='ocr_line' id='line_1_7' title="bbox 163 927 1264 1009; baseline 0.005 -23"><span class='ocrx_word' id='word_1_56' title='bbox 163 937 178 986; x_wconf 78' lang='lat' dir='ltr'><strong>s</strong></span> <span class='ocrx_word' id='word_1_57' title='bbox 199 930 242 990; x_wconf 93' lang='lat' dir='ltr'><strong>tio</strong></span> <span class='ocrx_word' id='word_1_58' title='bbox 262 929 371 1008; x_wconf 88' lang='lat' dir='ltr'><strong>coepit,</strong></span> <span class='ocrx_word' id='word_1_59' title='bbox 392 928 428 988; x_wconf 89' lang='lat' dir='ltr'><strong>ad</strong></span> <span class='ocrx_word' id='word_1_60' title='bbox 443 946 543 1007; x_wconf 88' lang='lat' dir='ltr'><strong>regem</strong></span> <span class='ocrx_word' id='word_1_61' title='bbox 557 927 707 988; x_wconf 88' lang='lat' dir='ltr'><strong>Bocchum</strong></span> <span class='ocrx_word' id='word_1_62' title='bbox 726 927 758 987; x_wconf 92' lang='lat' dir='ltr'><strong>in</strong></span> <span class='ocrx_word' id='word_1_63' title='bbox 772 927 982 990; x_wconf 85' lang='lat' dir='ltr'><strong>Mauretaniam</strong></span> <span class='ocrx_word' id='word_1_64' title='bbox 1002 931 1143 991; x_wconf 91' lang='lat' dir='ltr'><strong>abierant.</strong></span> <span class='ocrx_word' id='word_1_65' title='bbox 1173 930 1264 1009; x_wconf 90' lang='lat' dir='ltr'><strong>igitur</strong></span> 
     </span>
     <span class='ocr_line' id='line_1_8' title="bbox 200 1012 1263 1093; baseline 0.002 -19"><span class='ocrx_word' id='word_1_66' title='bbox 200 1014 349 1093; x_wconf 82' lang='lat' dir='ltr'><strong>Iugurtha,</strong></span> <span class='ocrx_word' id='word_1_67' title='bbox 365 1013 417 1074; x_wconf 92' lang='lat' dir='ltr'><strong>ubi</strong></span> <span class='ocrx_word' id='word_1_68' title='bbox 432 1013 522 1093; x_wconf 88' lang='lat' dir='ltr'><strong>armis</strong></span> <span class='ocrx_word' id='word_1_69' title='bbox 536 1012 664 1091; x_wconf 91' lang='lat' dir='ltr'><strong>virisque</strong></span> <span class='ocrx_word' id='word_1_70' title='bbox 676 1019 706 1072; x_wconf 91' lang='lat' dir='ltr'><strong>et</strong></span> <span class='ocrx_word' id='word_1_71' title='bbox 716 1013 839 1090; x_wconf 86' lang='lat' dir='ltr'><strong>pecunia</strong></span> <span class='ocrx_word' id='word_1_72' title='bbox 851 1013 992 1091; x_wconf 90' lang='lat' dir='ltr'><strong>spoliatus</strong></span> <span class='ocrx_word' id='word_1_73' title='bbox 1004 1022 1058 1087; x_wconf 89' lang='lat' dir='ltr'><strong>est,</strong></span> <span class='ocrx_word' id='word_1_74' title='bbox 1071 1033 1138 1076; x_wconf 89' lang='lat' dir='ltr'><strong>cum</strong></span> <span class='ocrx_word' id='word_1_75' title='bbox 1150 1015 1212 1093; x_wconf 91' lang='lat' dir='ltr'><strong>ipse</strong></span> <span class='ocrx_word' id='word_1_76' title='bbox 1223 1016 1263 1076; x_wconf 92' lang='lat' dir='ltr'><strong>ad</strong></span> 
     </span>
     <span class='ocr_line' id='line_1_9' title="bbox 199 1096 1261 1178; baseline 0.001 -20"><span class='ocrx_word' id='word_1_77' title='bbox 199 1099 405 1178; x_wconf 90' lang='lat' dir='ltr'><strong>imperandum</strong></span> <span class='ocrx_word' id='word_1_78' title='bbox 420 1096 562 1157; x_wconf 83' lang='lat' dir='ltr'><strong>Tisidium</strong></span> <span class='ocrx_word' id='word_1_79' title='bbox 584 1104 750 1170; x_wconf 86' lang='lat' dir='ltr'><strong>vocaretur,</strong></span> <span class='ocrx_word' id='word_1_80' title='bbox 766 1115 869 1158; x_wconf 88' lang='lat' dir='ltr'><strong>mrsus</strong></span> <span class='ocrx_word' id='word_1_81' title='bbox 885 1099 982 1177; x_wconf 89' lang='lat' dir='ltr'><strong>coepit</strong></span> <span class='ocrx_word' id='word_1_82' title='bbox 996 1100 1112 1160; x_wconf 89' lang='lat' dir='ltr'><strong>ilectere</strong></span> <span class='ocrx_word' id='word_1_83' title='bbox 1127 1101 1261 1160; x_wconf 88' lang='lat' dir='ltr'><strong>animum</strong></span> 
     </span>
    </p>

    <p class='ocr_par' dir='ltr' id='par_1_5' title="bbox 163 1181 1324 1600">
     <span class='ocr_line' id='line_1_10' title="bbox 163 1181 1262 1262; baseline 0.002 -20"><span class='ocrx_word' id='word_1_84' title='bbox 163 1192 178 1242; x_wconf 83' lang='grc'>9</span> <span class='ocrx_word' id='word_1_85' title='bbox 199 1191 291 1244; x_wconf 77' lang='grc'><strong>11111111</strong></span> <span class='ocrx_word' id='word_1_86' title='bbox 300 1189 330 1242; x_wconf 88' lang='lat' dir='ltr'><strong>et</strong></span> <span class='ocrx_word' id='word_1_87' title='bbox 344 1201 380 1242; x_wconf 81' lang='lat' dir='ltr'><strong>ex</strong></span> <span class='ocrx_word' id='word_1_88' title='bbox 394 1181 469 1241; x_wconf 91' lang='lat' dir='ltr'><strong>mala</strong></span> <span class='ocrx_word' id='word_1_89' title='bbox 484 1181 662 1241; x_wconf 90' lang='lat' dir='ltr'><strong>conscientia</strong></span> <span class='ocrx_word' id='word_1_90' title='bbox 674 1181 759 1260; x_wconf 90' lang='lat' dir='ltr'><strong>digna</strong></span> <span class='ocrx_word' id='word_1_91' title='bbox 769 1181 885 1242; x_wconf 90' lang='lat' dir='ltr'><strong>timere.</strong></span> <span class='ocrx_word' id='word_1_92' title='bbox 907 1183 1034 1262; x_wconf 88' lang='lat' dir='ltr'><strong>denique</strong></span> <span class='ocrx_word' id='word_1_93' title='bbox 1046 1184 1147 1245; x_wconf 88' lang='lat' dir='ltr'><strong>multis</strong></span> <span class='ocrx_word' id='word_1_94' title='bbox 1158 1183 1262 1262; x_wconf 87' lang='lat' dir='ltr'><strong>diebus</strong></span> 
     </span>
     <span class='ocr_line' id='line_1_11' title="bbox 199 1265 1324 1347; baseline 0.001 -20"><span class='ocrx_word' id='word_1_95' title='bbox 199 1285 253 1347; x_wconf 93' lang='lat' dir='ltr'><strong>per</strong></span> <span class='ocrx_word' id='word_1_96' title='bbox 273 1265 487 1326; x_wconf 87' lang='lat' dir='ltr'><strong>dubitationem</strong></span> <span class='ocrx_word' id='word_1_97' title='bbox 508 1265 704 1344; x_wconf 58' lang='lat' dir='ltr'><strong>consumptis</strong></span> <span class='ocrx_word' id='word_1_98' title='bbox 726 1285 794 1328; x_wconf 91' lang='lat' dir='ltr'><strong>cum</strong></span> <span class='ocrx_word' id='word_1_99' title='bbox 814 1266 904 1327; x_wconf 90' lang='lat' dir='ltr'><strong>modo</strong></span> <span class='ocrx_word' id='word_1_100' title='bbox 924 1268 1021 1329; x_wconf 91' lang='lat' dir='ltr'><strong>taedio</strong></span> <span class='ocrx_word' id='word_1_101' title='bbox 1037 1287 1138 1330; x_wconf 92' lang='lat' dir='ltr'><strong>rerum</strong></span> <span class='ocrx_word' id='word_1_102' title='bbox 1154 1269 1261 1328; x_wconf 90' lang='lat' dir='ltr'><strong>advar-</strong></span> <span class='ocrx_word' id='word_1_103' title='bbox 1285 1279 1324 1329; x_wconf 80' lang='lat'><strong>10</strong></span> 
     </span>
     <span class='ocr_line' id='line_1_12' title="bbox 200 1348 1261 1432; baseline 0.002 -20"><span class='ocrx_word' id='word_1_104' title='bbox 200 1369 300 1412; x_wconf 90' lang='lat' dir='ltr'><strong>sarum</strong></span> <span class='ocrx_word' id='word_1_105' title='bbox 322 1349 420 1410; x_wconf 89' lang='lat' dir='ltr'><strong>omnia</strong></span> <span class='ocrx_word' id='word_1_106' title='bbox 435 1348 511 1410; x_wconf 91' lang='lat' dir='ltr'><strong>bello</strong></span> <span class='ocrx_word' id='word_1_107' title='bbox 525 1349 641 1428; x_wconf 90' lang='lat' dir='ltr'><strong>potiora</strong></span> <span class='ocrx_word' id='word_1_108' title='bbox 656 1350 789 1424; x_wconf 89' lang='lat' dir='ltr'><strong>duceret,</strong></span> <span class='ocrx_word' id='word_1_109' title='bbox 811 1349 959 1412; x_wconf 88' lang='lat' dir='ltr'><strong>interdum</strong></span> <span class='ocrx_word' id='word_1_110' title='bbox 975 1371 1076 1414; x_wconf 92' lang='lat' dir='ltr'><strong>secum</strong></span> <span class='ocrx_word' id='word_1_111' title='bbox 1093 1353 1155 1432; x_wconf 89' lang='lat' dir='ltr'><strong>ipse</strong></span> <span class='ocrx_word' id='word_1_112' title='bbox 1170 1357 1261 1432; x_wconf 85' lang='lat' dir='ltr'><strong>repu&#39;-</strong></span> 
     </span>
     <span class='ocr_line' id='line_1_13' title="bbox 199 1434 1262 1516; baseline 0.001 -19"><span class='ocrx_word' id='word_1_113' title='bbox 199 1443 276 1497; x_wconf 90' lang='lat' dir='ltr'><strong>taret</strong></span> <span class='ocrx_word' id='word_1_114' title='bbox 306 1453 395 1514; x_wconf 93' lang='lat' dir='ltr'><strong>quam</strong></span> <span class='ocrx_word' id='word_1_115' title='bbox 426 1434 520 1512; x_wconf 85' lang='lat' dir='ltr'><strong>gravis</strong></span> <span class='ocrx_word' id='word_1_116' title='bbox 549 1452 634 1494; x_wconf 89' lang='lat' dir='ltr'><strong>casus</strong></span> <span class='ocrx_word' id='word_1_117' title='bbox 654 1434 685 1494; x_wconf 90' lang='lat' dir='ltr'><strong>in</strong></span> <span class='ocrx_word' id='word_1_118' title='bbox 706 1435 858 1495; x_wconf 92' lang='lat' dir='ltr'><strong>servitium</strong></span> <span class='ocrx_word' id='word_1_119' title='bbox 878 1456 914 1496; x_wconf 87' lang='lat' dir='ltr'><strong>ex</strong></span> <span class='ocrx_word' id='word_1_120' title='bbox 933 1453 1023 1516; x_wconf 90' lang='lat' dir='ltr'><strong>regno</strong></span> <span class='ocrx_word' id='word_1_121' title='bbox 1043 1439 1135 1509; x_wconf 85' lang='lat' dir='ltr'><strong>foret,</strong></span> <span class='ocrx_word' id='word_1_122' title='bbox 1159 1437 1262 1498; x_wconf 90' lang='lat' dir='ltr'><strong>multis</strong></span> 
     </span>
     <span class='ocr_line' id='line_1_14' title="bbox 201 1518 1262 1600; baseline 0 -18"><span class='ocrx_word' id='word_1_123' title='bbox 201 1520 373 1600; x_wconf 82' lang='lat' dir='ltr'><strong>magnisque</strong></span> <span class='ocrx_word' id='word_1_124' title='bbox 393 1518 544 1598; x_wconf 85' lang='lat' dir='ltr'><strong>praesidiis</strong></span> <span class='ocrx_word' id='word_1_125' title='bbox 563 1519 743 1598; x_wconf 89' lang='lat' dir='ltr'><strong>nequiquam</strong></span> <span class='ocrx_word' id='word_1_126' title='bbox 758 1519 879 1598; x_wconf 89' lang='lat' dir='ltr'><strong>perditis</strong></span> <span class='ocrx_word' id='word_1_127' title='bbox 899 1522 935 1581; x_wconf 92' lang='lat' dir='ltr'><strong>de</strong></span> <span class='ocrx_word' id='word_1_128' title='bbox 956 1522 1069 1600; x_wconf 85' lang='lat' dir='ltr'><strong>integra</strong></span> <span class='ocrx_word' id='word_1_129' title='bbox 1084 1522 1194 1582; x_wconf 87' lang='lat' dir='ltr'><strong>bellurn</strong></span> <span class='ocrx_word' id='word_1_130' title='bbox 1208 1541 1262 1582; x_wconf 92' lang='lat' dir='ltr'><strong>su·</strong></span> 
     </span>
    </p>

    <p class='ocr_par' dir='ltr' id='par_1_6' title="bbox 149 1604 1323 1752">
     <span class='ocr_line' id='line_1_15' title="bbox 149 1604 1260 1682; baseline 0.004 -20"><span class='ocrx_word' id='word_1_131' title='bbox 149 1612 179 1662; x_wconf 84' lang='lat' dir='ltr'><strong>td</strong></span> <span class='ocrx_word' id='word_1_132' title='bbox 201 1607 266 1666; x_wconf 93' lang='lat' dir='ltr'><strong>mit.</strong></span> <span class='ocrx_word' id='word_1_133' title='bbox 299 1611 329 1664; x_wconf 92' lang='lat' dir='ltr'><strong>et</strong></span> <span class='ocrx_word' id='word_1_134' title='bbox 348 1604 460 1665; x_wconf 87' lang='lat' dir='ltr'><strong>Romae</strong></span> <span class='ocrx_word' id='word_1_135' title='bbox 479 1610 599 1664; x_wconf 92' lang='lat' dir='ltr'><strong>senatus</strong></span> <span class='ocrx_word' id='word_1_136' title='bbox 620 1605 656 1664; x_wconf 91' lang='lat' dir='ltr'><strong>de</strong></span> <span class='ocrx_word' id='word_1_137' title='bbox 674 1604 831 1682; x_wconf 86' lang='lat' dir='ltr'><strong>provinciis</strong></span> <span class='ocrx_word' id='word_1_138' title='bbox 847 1605 998 1666; x_wconf 88' lang='lat' dir='ltr'><strong>consultus</strong></span> <span class='ocrx_word' id='word_1_139' title='bbox 1014 1606 1183 1666; x_wconf 90' lang='lat' dir='ltr'><strong>Numidiam</strong></span> <span class='ocrx_word' id='word_1_140' title='bbox 1198 1605 1260 1666; x_wconf 89' lang='lat' dir='ltr'><strong>Me-</strong></span> 
     </span>
     <span class='ocr_line' id='line_1_16' title="bbox 201 1690 1323 1752; baseline 0.001 -2"><span class='ocrx_word' id='word_1_141' title='bbox 201 1690 271 1751; x_wconf 92' lang='lat' dir='ltr'><strong>tello</strong></span> <span class='ocrx_word' id='word_1_142' title='bbox 287 1690 464 1750; x_wconf 87' lang='lat' dir='ltr'><strong>decreverat.</strong></span> <span class='ocrx_word' id='word_1_143' title='bbox 1287 1701 1323 1752; x_wconf 79' lang='lat'><strong>15</strong></span> 
     </span>
    </p>

    <p class='ocr_par' dir='ltr' id='par_1_7' title="bbox 139 1771 1264 2024">
     <span class='ocr_line' id='line_1_17' title="bbox 139 1771 1264 1853; baseline 0.002 -19"><span class='ocrx_word' id='word_1_144' title='bbox 139 1771 181 1834; x_wconf 78' lang='lat' dir='ltr'><strong>de</strong></span> <span class='ocrx_word' id='word_1_145' title='bbox 287 1775 344 1834; x_wconf 90' lang='lat' dir='ltr'><strong>Per</strong></span> <span class='ocrx_word' id='word_1_146' title='bbox 358 1773 437 1834; x_wconf 90' lang='lat' dir='ltr'><strong>idem</strong></span> <span class='ocrx_word' id='word_1_147' title='bbox 452 1781 570 1851; x_wconf 90' lang='lat' dir='ltr'><strong>tempus</strong></span> <span class='ocrx_word' id='word_1_148' title='bbox 586 1771 686 1832; x_wconf 81' lang='lat' dir='ltr'><strong>Uticae</strong></span> <span class='ocrx_word' id='word_1_149' title='bbox 701 1771 777 1833; x_wconf 83' lang='lat' dir='ltr'><strong>forte</strong></span> <span class='ocrx_word' id='word_1_150' title='bbox 794 1774 824 1833; x_wconf 84' lang='lat' dir='ltr'><strong>C.</strong></span> <span class='ocrx_word' id='word_1_151' title='bbox 839 1772 931 1834; x_wconf 89' lang='lat' dir='ltr'><strong>Mario</strong></span> <span class='ocrx_word' id='word_1_152' title='bbox 946 1792 1000 1853; x_wconf 89' lang='lat' dir='ltr'><strong>per</strong></span> <span class='ocrx_word' id='word_1_153' title='bbox 1010 1775 1122 1836; x_wconf 89' lang='lat' dir='ltr'><strong>hostias</strong></span> <span class='ocrx_word' id='word_1_154' title='bbox 1134 1775 1179 1835; x_wconf 92' lang='lat' dir='ltr'><strong>dis</strong></span> <span class='ocrx_word' id='word_1_155' title='bbox 1190 1776 1264 1836; x_wconf 91' lang='lat' dir='ltr'><strong>sub·</strong></span> 
     </span>
     <span class='ocr_line' id='line_1_18' title="bbox 201 1857 1262 1940; baseline 0.002 -20"><span class='ocrx_word' id='word_1_156' title='bbox 201 1859 320 1939; x_wconf 88' lang='lat' dir='ltr'><strong>plicanti</strong></span> <span class='ocrx_word' id='word_1_157' title='bbox 339 1876 444 1937; x_wconf 89' lang='lat' dir='ltr'><strong>magna</strong></span> <span class='ocrx_word' id='word_1_158' title='bbox 463 1864 551 1935; x_wconf 90' lang='lat' dir='ltr'><strong>atque</strong></span> <span class='ocrx_word' id='word_1_159' title='bbox 572 1857 715 1917; x_wconf 91' lang='lat' dir='ltr'><strong>mirabilia</strong></span> <span class='ocrx_word' id='word_1_160' title='bbox 734 1859 870 1936; x_wconf 89' lang='lat' dir='ltr'><strong>portendi</strong></span> <span class='ocrx_word' id='word_1_161' title='bbox 884 1859 1030 1938; x_wconf 81' lang='lat' dir='ltr'><strong>haruspex</strong></span> <span class='ocrx_word' id='word_1_162' title='bbox 1045 1860 1170 1922; x_wconf 86' lang='lat' dir='ltr'><strong>dixerat:</strong></span> <span class='ocrx_word' id='word_1_163' title='bbox 1190 1879 1262 1940; x_wconf 86' lang='lat' dir='ltr'><strong>pro—</strong></span> 
     </span>
     <span class='ocr_line' id='line_1_19' title="bbox 202 1941 1262 2024; baseline 0 -20"><span class='ocrx_word' id='word_1_164' title='bbox 202 1945 285 2016; x_wconf 92' lang='lat' dir='ltr'><strong>inde,</strong></span> <span class='ocrx_word' id='word_1_165' title='bbox 310 1961 384 2021; x_wconf 93' lang='lat' dir='ltr'><strong>quae</strong></span> <span class='ocrx_word' id='word_1_166' title='bbox 405 1942 504 2003; x_wconf 91' lang='lat' dir='ltr'><strong>animo</strong></span> <span class='ocrx_word' id='word_1_167' title='bbox 527 1941 667 2020; x_wconf 83' lang='lat' dir='ltr'><strong>agitabat,</strong></span> <span class='ocrx_word' id='word_1_168' title='bbox 686 1941 781 2002; x_wconf 89' lang='lat' dir='ltr'><strong>fretus</strong></span> <span class='ocrx_word' id='word_1_169' title='bbox 801 1942 846 2002; x_wconf 91' lang='lat' dir='ltr'><strong>dis</strong></span> <span class='ocrx_word' id='word_1_170' title='bbox 868 1953 982 2023; x_wconf 87' lang='lat' dir='ltr'><strong>ageret.</strong></span> <span class='ocrx_word' id='word_1_171' title='bbox 1000 1944 1151 2006; x_wconf 85' lang='lat' dir='ltr'><strong>fortunam</strong></span> <span class='ocrx_word' id='word_1_172' title='bbox 1172 1963 1262 2024; x_wconf 91' lang='lat' dir='ltr'><strong>quam</strong></span> 
     </span>
    </p>

    <p class='ocr_par' dir='ltr' id='par_1_8' title="bbox 165 2026 1320 2446">
     <span class='ocr_line' id='line_1_20' title="bbox 165 2026 1261 2107; baseline 0.004 -21"><span class='ocrx_word' id='word_1_173' title='bbox 165 2036 180 2086; x_wconf 80' lang='lat'><strong>2</strong></span> <span class='ocrx_word' id='word_1_174' title='bbox 202 2029 381 2107; x_wconf 87' lang='lat' dir='ltr'><strong>saepissume</strong></span> <span class='ocrx_word' id='word_1_175' title='bbox 397 2026 593 2106; x_wconf 86' lang='lat' dir='ltr'><strong>experiretur,</strong></span> <span class='ocrx_word' id='word_1_176' title='bbox 610 2033 716 2087; x_wconf 92' lang='lat' dir='ltr'><strong>cuncta</strong></span> <span class='ocrx_word' id='word_1_177' title='bbox 729 2045 870 2106; x_wconf 89' lang='lat' dir='ltr'><strong>prospere</strong></span> <span class='ocrx_word' id='word_1_178' title='bbox 885 2037 1033 2090; x_wconf 89' lang='lat' dir='ltr'><strong>eventura.</strong></span> <span class='ocrx_word' id='word_1_179' title='bbox 1064 2037 1094 2090; x_wconf 92' lang='lat' dir='ltr'><strong>at</strong></span> <span class='ocrx_word' id='word_1_180' title='bbox 1107 2030 1191 2090; x_wconf 90' lang='lat' dir='ltr'><strong>illurn</strong></span> <span class='ocrx_word' id='word_1_181' title='bbox 1202 2030 1261 2090; x_wconf 87' lang='lat' dir='ltr'><strong>iam</strong></span> 
     </span>
     <span class='ocr_line' id='line_1_21' title="bbox 203 2111 1320 2193; baseline 0.001 -19"><span class='ocrx_word' id='word_1_182' title='bbox 203 2121 288 2174; x_wconf 86' lang='lat' dir='ltr'><strong>autea</strong></span> <span class='ocrx_word' id='word_1_183' title='bbox 304 2111 473 2174; x_wconf 90' lang='lat' dir='ltr'><strong>consulatus</strong></span> <span class='ocrx_word' id='word_1_184' title='bbox 488 2111 590 2190; x_wconf 93' lang='lat' dir='ltr'><strong>ingens</strong></span> <span class='ocrx_word' id='word_1_185' title='bbox 605 2111 711 2189; x_wconf 89' lang='lat' dir='ltr'><strong>cupido</strong></span> <span class='ocrx_word' id='word_1_186' title='bbox 726 2111 900 2190; x_wconf 83' lang='lat' dir='ltr'><strong>exagitabat,</strong></span> <span class='ocrx_word' id='word_1_187' title='bbox 923 2113 960 2173; x_wconf 92' lang='lat' dir='ltr'><strong>ad</strong></span> <span class='ocrx_word' id='word_1_188' title='bbox 976 2132 1065 2192; x_wconf 90' lang='lat' dir='ltr'><strong>quem</strong></span> <span class='ocrx_word' id='word_1_189' title='bbox 1080 2115 1260 2193; x_wconf 84' lang='lat' dir='ltr'><strong>capiundum</strong></span> <span class='ocrx_word' id='word_1_190' title='bbox 1282 2125 1320 2175; x_wconf 82' lang='lat'><strong>2⁰</strong></span> 
     </span>
     <span class='ocr_line' id='line_1_22' title="bbox 201 2195 1262 2278; baseline 0.001 -20"><span class='ocrx_word' id='word_1_191' title='bbox 201 2205 317 2278; x_wconf 92' lang='lat' dir='ltr'><strong>praeter</strong></span> <span class='ocrx_word' id='word_1_192' title='bbox 335 2203 513 2256; x_wconf 91' lang='lat' dir='ltr'><strong>vetustatem</strong></span> <span class='ocrx_word' id='word_1_193' title='bbox 536 2195 663 2256; x_wconf 87' lang='lat' dir='ltr'><strong>familiae</strong></span> <span class='ocrx_word' id='word_1_194' title='bbox 683 2196 737 2256; x_wconf 87' lang='lat' dir='ltr'><strong>alia</strong></span> <span class='ocrx_word' id='word_1_195' title='bbox 753 2197 852 2256; x_wconf 90' lang='lat' dir='ltr'><strong>omnia</strong></span> <span class='ocrx_word' id='word_1_196' title='bbox 867 2197 981 2258; x_wconf 88' lang='lat' dir='ltr'><strong>abunde</strong></span> <span class='ocrx_word' id='word_1_197' title='bbox 998 2207 1094 2270; x_wconf 91' lang='lat' dir='ltr'><strong>erant,</strong></span> <span class='ocrx_word' id='word_1_198' title='bbox 1118 2199 1262 2259; x_wconf 92' lang='lat' dir='ltr'><strong>industria</strong></span> 
     </span>
     <span class='ocr_line' id='line_1_23' title="bbox 201 2280 1262 2362; baseline 0.002 -20"><span class='ocrx_word' id='word_1_199' title='bbox 201 2281 340 2362; x_wconf 87' lang='lat' dir='ltr'><strong>probitas,</strong></span> <span class='ocrx_word' id='word_1_200' title='bbox 357 2281 478 2356; x_wconf 91' lang='lat' dir='ltr'><strong>militiae</strong></span> <span class='ocrx_word' id='word_1_201' title='bbox 493 2297 598 2359; x_wconf 91' lang='lat' dir='ltr'><strong>magna</strong></span> <span class='ocrx_word' id='word_1_202' title='bbox 612 2280 742 2352; x_wconf 90' lang='lat' dir='ltr'><strong>scientia,</strong></span> <span class='ocrx_word' id='word_1_203' title='bbox 759 2281 875 2342; x_wconf 90' lang='lat' dir='ltr'><strong>animus</strong></span> <span class='ocrx_word' id='word_1_204' title='bbox 889 2281 958 2343; x_wconf 89' lang='lat' dir='ltr'><strong>belli</strong></span> <span class='ocrx_word' id='word_1_205' title='bbox 973 2282 1085 2362; x_wconf 80' lang='lat' dir='ltr'><strong>ingene,</strong></span> <span class='ocrx_word' id='word_1_206' title='bbox 1102 2283 1183 2344; x_wconf 90' lang='lat' dir='ltr'><strong>dorni</strong></span> <span class='ocrx_word' id='word_1_207' title='bbox 1194 2303 1262 2344; x_wconf 90' lang='lat' dir='ltr'><strong>mo-</strong></span> 
     </span>
     <span class='ocr_line' id='line_1_24' title="bbox 201 2365 1261 2446; baseline 0.001 -19"><span class='ocrx_word' id='word_1_208' title='bbox 201 2367 298 2438; x_wconf 88' lang='lat' dir='ltr'><strong>dicus,</strong></span> <span class='ocrx_word' id='word_1_209' title='bbox 318 2365 456 2426; x_wconf 89' lang='lat' dir='ltr'><strong>lubidinis</strong></span> <span class='ocrx_word' id='word_1_210' title='bbox 475 2372 505 2425; x_wconf 91' lang='lat' dir='ltr'><strong>et</strong></span> <span class='ocrx_word' id='word_1_211' title='bbox 525 2365 693 2425; x_wconf 90' lang='lat' dir='ltr'><strong>divitiarum</strong></span> <span class='ocrx_word' id='word_1_212' title='bbox 715 2365 822 2438; x_wconf 88' lang='lat' dir='ltr'><strong>victor,</strong></span> <span class='ocrx_word' id='word_1_213' title='bbox 842 2373 958 2428; x_wconf 89' lang='lat' dir='ltr'><strong>tantum</strong></span> <span class='ocrx_word' id='word_1_214' title='bbox 973 2368 1063 2428; x_wconf 91' lang='lat' dir='ltr'><strong>modo</strong></span> <span class='ocrx_word' id='word_1_215' title='bbox 1077 2368 1185 2446; x_wconf 92' lang='lat' dir='ltr'><strong>gloriae</strong></span> <span class='ocrx_word' id='word_1_216' title='bbox 1200 2369 1261 2429; x_wconf 89' lang='lat' dir='ltr'><strong>avi-</strong></span> 
     </span>
    </p>

    <p class='ocr_par' dir='ltr' id='par_1_9' title="bbox 167 2450 1320 2700">
     <span class='ocr_line' id='line_1_25' title="bbox 167 2450 1263 2532; baseline 0.004 -22"><span class='ocrx_word' id='word_1_217' title='bbox 167 2461 181 2510; x_wconf 81' lang='grc'>3</span> <span class='ocrx_word' id='word_1_218' title='bbox 203 2452 267 2512; x_wconf 85' lang='lat' dir='ltr'><strong>dus</strong></span> <span class='ocrx_word' id='word_1_219' title='bbox 290 2451 381 2510; x_wconf 91' lang='lat' dir='ltr'><strong>sedis</strong></span> <span class='ocrx_word' id='word_1_220' title='bbox 396 2457 482 2514; x_wconf 86' lang='lat' dir='ltr'><strong>natus</strong></span> <span class='ocrx_word' id='word_1_221' title='bbox 497 2457 527 2510; x_wconf 90' lang='lat' dir='ltr'><strong>et</strong></span> <span class='ocrx_word' id='word_1_222' title='bbox 542 2466 663 2511; x_wconf 91' lang='lat' dir='ltr'><strong>omnem</strong></span> <span class='ocrx_word' id='word_1_223' title='bbox 677 2450 833 2528; x_wconf 90' lang='lat' dir='ltr'><strong>pueritiam</strong></span> <span class='ocrx_word' id='word_1_224' title='bbox 847 2451 951 2530; x_wconf 80' lang='lat' dir='ltr'><strong>Arpini</strong></span> <span class='ocrx_word' id='word_1_225' title='bbox 965 2452 1051 2524; x_wconf 89' lang='lat' dir='ltr'><strong>altus,</strong></span> <span class='ocrx_word' id='word_1_226' title='bbox 1066 2452 1117 2512; x_wconf 93' lang='lat' dir='ltr'><strong>ubi</strong></span> <span class='ocrx_word' id='word_1_227' title='bbox 1130 2453 1263 2532; x_wconf 89' lang='lat' dir='ltr'><strong>primum</strong></span> 
     </span>
     <span class='ocr_line' id='line_1_26' title="bbox 202 2534 1320 2614; baseline 0.005 -18"><span class='ocrx_word' id='word_1_228' title='bbox 202 2543 280 2597; x_wconf 91' lang='lat' dir='ltr'><strong>aetas</strong></span> <span class='ocrx_word' id='word_1_229' title='bbox 300 2535 420 2596; x_wconf 92' lang='lat' dir='ltr'><strong>militiae</strong></span> <span class='ocrx_word' id='word_1_230' title='bbox 442 2535 555 2614; x_wconf 90' lang='lat' dir='ltr'><strong>patiens</strong></span> <span class='ocrx_word' id='word_1_231' title='bbox 574 2534 645 2606; x_wconf 89' lang='lat' dir='ltr'><strong>fuit,</strong></span> <span class='ocrx_word' id='word_1_232' title='bbox 665 2534 818 2613; x_wconf 90' lang='lat' dir='ltr'><strong>stipendiis</strong></span> <span class='ocrx_word' id='word_1_233' title='bbox 837 2535 996 2608; x_wconf 82' lang='lat' dir='ltr'><strong>faciundis,</strong></span> <span class='ocrx_word' id='word_1_234' title='bbox 1019 2553 1080 2597; x_wconf 92' lang='lat' dir='ltr'><strong>non</strong></span> <span class='ocrx_word' id='word_1_235' title='bbox 1095 2537 1203 2598; x_wconf 89' lang='lat' dir='ltr'><strong>Graeca</strong></span> <span class='ocrx_word' id='word_1_236' title='bbox 1216 2539 1263 2598; x_wconf 87' lang='lat' dir='ltr'><strong>fa·</strong></span> <span class='ocrx_word' id='word_1_237' title='bbox 1284 2552 1320 2602; x_wconf 80' lang='lat'><strong>25</strong></span> 
     </span>
     <span class='ocr_line' id='line_1_27' title="bbox 201 2617 1263 2700; baseline 0.001 -18"><span class='ocrx_word' id='word_1_238' title='bbox 201 2621 307 2682; x_wconf 90' lang='lat' dir='ltr'><strong>cundia</strong></span> <span class='ocrx_word' id='word_1_239' title='bbox 320 2639 418 2700; x_wconf 92' lang='lat' dir='ltr'><strong>neque</strong></span> <span class='ocrx_word' id='word_1_240' title='bbox 431 2618 552 2680; x_wconf 90' lang='lat' dir='ltr'><strong>urbanis</strong></span> <span class='ocrx_word' id='word_1_241' title='bbox 566 2617 720 2680; x_wconf 89' lang='lat' dir='ltr'><strong>munditiis</strong></span> <span class='ocrx_word' id='word_1_242' title='bbox 735 2637 799 2680; x_wconf 86' lang='lat' dir='ltr'><strong>sese</strong></span> <span class='ocrx_word' id='word_1_243' title='bbox 814 2621 958 2682; x_wconf 81' lang='lat' dir='ltr'><strong>exercuit:</strong></span> <span class='ocrx_word' id='word_1_244' title='bbox 974 2622 1015 2682; x_wconf 92' lang='lat' dir='ltr'><strong>ita</strong></span> <span class='ocrx_word' id='word_1_245' title='bbox 1029 2621 1107 2682; x_wconf 88' lang='lat' dir='ltr'><strong>inter</strong></span> <span class='ocrx_word' id='word_1_246' title='bbox 1121 2623 1191 2682; x_wconf 91' lang='lat' dir='ltr'><strong>artis</strong></span> <span class='ocrx_word' id='word_1_247' title='bbox 1208 2622 1263 2683; x_wconf 91' lang='lat' dir='ltr'><strong>bo·</strong></span> 
     </span>
    </p>

    <p class='ocr_par' dir='ltr' id='par_1_10' title="bbox 165 2703 1263 2869">
     <span class='ocr_line' id='line_1_28' title="bbox 165 2703 1263 2785; baseline 0.002 -19"><span class='ocrx_word' id='word_1_248' title='bbox 165 2717 182 2766; x_wconf 78' lang='grc'><strong>1</strong></span> <span class='ocrx_word' id='word_1_249' title='bbox 201 2723 254 2767; x_wconf 88' lang='lat' dir='ltr'><strong>nas</strong></span> <span class='ocrx_word' id='word_1_250' title='bbox 272 2707 419 2784; x_wconf 87' lang='lat' dir='ltr'><strong>integrum</strong></span> <span class='ocrx_word' id='word_1_251' title='bbox 441 2703 591 2784; x_wconf 91' lang='lat' dir='ltr'><strong>ingenium</strong></span> <span class='ocrx_word' id='word_1_252' title='bbox 613 2703 694 2764; x_wconf 86' lang='lat' dir='ltr'><strong>brevi</strong></span> <span class='ocrx_word' id='word_1_253' title='bbox 709 2704 843 2766; x_wconf 89' lang='lat' dir='ltr'><strong>adolevit.</strong></span> <span class='ocrx_word' id='word_1_254' title='bbox 873 2723 942 2785; x_wconf 86' lang='lat' dir='ltr'><strong>ergo</strong></span> <span class='ocrx_word' id='word_1_255' title='bbox 957 2705 1008 2766; x_wconf 92' lang='lat' dir='ltr'><strong>nbi</strong></span> <span class='ocrx_word' id='word_1_256' title='bbox 1022 2707 1154 2785; x_wconf 90' lang='lat' dir='ltr'><strong>primum</strong></span> <span class='ocrx_word' id='word_1_257' title='bbox 1167 2707 1263 2768; x_wconf 90' lang='lat' dir='ltr'><strong>tribu·</strong></span> 
     </span>
     <span class='ocr_line' id='line_1_29' title="bbox 201 2788 1263 2869; baseline 0.001 -17"><span class='ocrx_word' id='word_1_258' title='bbox 201 2798 305 2852; x_wconf 90' lang='lat' dir='ltr'><strong>natum</strong></span> <span class='ocrx_word' id='word_1_259' title='bbox 325 2790 482 2850; x_wconf 90' lang='lat' dir='ltr'><strong>militarem</strong></span> <span class='ocrx_word' id='word_1_260' title='bbox 501 2809 517 2850; x_wconf 93' lang='lat' dir='ltr'><strong>a</strong></span> <span class='ocrx_word' id='word_1_261' title='bbox 537 2789 647 2868; x_wconf 90' lang='lat' dir='ltr'><strong>popula</strong></span> <span class='ocrx_word' id='word_1_262' title='bbox 662 2788 748 2867; x_wconf 89' lang='lat' dir='ltr'><strong>petit,</strong></span> <span class='ocrx_word' id='word_1_263' title='bbox 765 2789 912 2869; x_wconf 90' lang='lat' dir='ltr'><strong>plerisque</strong></span> <span class='ocrx_word' id='word_1_264' title='bbox 925 2791 1031 2851; x_wconf 78' lang='lat' dir='ltr'><strong>taciem</strong></span> <span class='ocrx_word' id='word_1_265' title='bbox 1047 2791 1109 2852; x_wconf 88' lang='lat' dir='ltr'><strong>eius</strong></span> <span class='ocrx_word' id='word_1_266' title='bbox 1124 2791 1263 2869; x_wconf 86' lang='lat' dir='ltr'><strong>ignoran-</strong></span> 
     </span>
    </p>

    <p class='ocr_par' dir='ltr' id='par_1_11' title="bbox 166 2873 1318 3124">
     <span class='ocr_line' id='line_1_30' title="bbox 166 2873 1263 2952; baseline 0.007 -22"><span class='ocrx_word' id='word_1_267' title='bbox 166 2884 180 2930; x_wconf 79' lang='lat' dir='ltr'><strong>s</strong></span> <span class='ocrx_word' id='word_1_268' title='bbox 201 2876 296 2944; x_wconf 84' lang='lat' dir='ltr'><strong>tibus,</strong></span> <span class='ocrx_word' id='word_1_269' title='bbox 322 2874 405 2936; x_wconf 88' lang='lat' dir='ltr'><strong>facile</strong></span> <span class='ocrx_word' id='word_1_270' title='bbox 431 2882 521 2934; x_wconf 90' lang='lat' dir='ltr'><strong>notus</strong></span> <span class='ocrx_word' id='word_1_271' title='bbox 539 2891 593 2952; x_wconf 90' lang='lat' dir='ltr'><strong>per</strong></span> <span class='ocrx_word' id='word_1_272' title='bbox 612 2873 709 2932; x_wconf 91' lang='lat' dir='ltr'><strong>omnis</strong></span> <span class='ocrx_word' id='word_1_273' title='bbox 728 2873 823 2934; x_wconf 86' lang='lat' dir='ltr'><strong>tribus</strong></span> <span class='ocrx_word' id='word_1_274' title='bbox 843 2874 1015 2936; x_wconf 81' lang='lat' dir='ltr'><strong>declaratur.</strong></span> <span class='ocrx_word' id='word_1_275' title='bbox 1045 2875 1151 2936; x_wconf 91' lang='lat' dir='ltr'><strong>deinde</strong></span> <span class='ocrx_word' id='word_1_276' title='bbox 1172 2877 1209 2937; x_wconf 89' lang='lat' dir='ltr'><strong>ab</strong></span> <span class='ocrx_word' id='word_1_277' title='bbox 1227 2895 1263 2938; x_wconf 89' lang='lat' dir='ltr'><strong>eo</strong></span> 
     </span>
     <span class='ocr_line' id='line_1_31' title="bbox 204 2956 1318 3040; baseline 0.004 -21"><span class='ocrx_word' id='word_1_278' title='bbox 204 2959 376 3037; x_wconf 89' lang='lat' dir='ltr'><strong>magistratu</strong></span> <span class='ocrx_word' id='word_1_279' title='bbox 397 2958 487 3018; x_wconf 90' lang='lat' dir='ltr'><strong>alium</strong></span> <span class='ocrx_word' id='word_1_280' title='bbox 507 2965 575 3036; x_wconf 89' lang='lat' dir='ltr'><strong>post</strong></span> <span class='ocrx_word' id='word_1_281' title='bbox 590 2956 680 3017; x_wconf 92' lang='lat' dir='ltr'><strong>alium</strong></span> <span class='ocrx_word' id='word_1_282' title='bbox 695 2957 751 3017; x_wconf 92' lang='lat' dir='ltr'><strong>sibi</strong></span> <span class='ocrx_word' id='word_1_283' title='bbox 765 2958 879 3037; x_wconf 81' lang='lat' dir='ltr'><strong>peperit</strong></span> <span class='ocrx_word' id='word_1_284' title='bbox 894 2977 1069 3038; x_wconf 87' lang='lat' dir='ltr'><strong>semperque</strong></span> <span class='ocrx_word' id='word_1_285' title='bbox 1084 2961 1116 3020; x_wconf 94' lang='lat' dir='ltr'><strong>in</strong></span> <span class='ocrx_word' id='word_1_286' title='bbox 1130 2967 1260 3040; x_wconf 88' lang='lat' dir='ltr'><strong>potesta·</strong></span> <span class='ocrx_word' id='word_1_287' title='bbox 1283 2973 1318 3023; x_wconf 83' lang='lat'><strong>30</strong></span> 
     </span>
     <span class='ocr_line' id='line_1_32' title="bbox 202 3041 1262 3124; baseline 0.005 -22"><span class='ocrx_word' id='word_1_288' title='bbox 202 3042 281 3102; x_wconf 92' lang='lat' dir='ltr'><strong>tibus</strong></span> <span class='ocrx_word' id='word_1_289' title='bbox 296 3060 331 3102; x_wconf 87' lang='lat' dir='ltr'><strong>co</strong></span> <span class='ocrx_word' id='word_1_290' title='bbox 347 3042 436 3102; x_wconf 90' lang='lat' dir='ltr'><strong>modo</strong></span> <span class='ocrx_word' id='word_1_291' title='bbox 451 3041 591 3119; x_wconf 89' lang='lat' dir='ltr'><strong>agitabat,</strong></span> <span class='ocrx_word' id='word_1_292' title='bbox 610 3048 644 3101; x_wconf 90' lang='lat' dir='ltr'><strong>ut</strong></span> <span class='ocrx_word' id='word_1_293' title='bbox 658 3042 801 3120; x_wconf 90' lang='lat' dir='ltr'><strong>ampliore</strong></span> <span class='ocrx_word' id='word_1_294' title='bbox 816 3061 905 3122; x_wconf 89' lang='lat' dir='ltr'><strong>quarn</strong></span> <span class='ocrx_word' id='word_1_295' title='bbox 919 3045 1037 3123; x_wconf 86' lang='lat' dir='ltr'><strong>gerebat</strong></span> <span class='ocrx_word' id='word_1_296' title='bbox 1052 3045 1156 3124; x_wconf 86' lang='lat' dir='ltr'><strong>dignus</strong></span> <span class='ocrx_word' id='word_1_297' title='bbox 1170 3047 1262 3107; x_wconf 89' lang='lat' dir='ltr'><strong>babe-</strong></span> 
     </span>
    </p>

    <p class='ocr_par' dir='ltr' id='par_1_12' title="bbox 167 3125 1262 3292">
     <span class='ocr_line' id='line_1_33' title="bbox 167 3125 1262 3208; baseline 0.005 -21"><span class='ocrx_word' id='word_1_298' title='bbox 167 3136 182 3186; x_wconf 85' lang='grc'><strong>6</strong></span> <span class='ocrx_word' id='word_1_299' title='bbox 202 3133 292 3187; x_wconf 88' lang='lat' dir='ltr'><strong>retur.</strong></span> <span class='ocrx_word' id='word_1_300' title='bbox 316 3132 417 3186; x_wconf 90' lang='lat' dir='ltr'><strong>tamen</strong></span> <span class='ocrx_word' id='word_1_301' title='bbox 432 3125 456 3184; x_wconf 92' lang='lat' dir='ltr'><strong>is</strong></span> <span class='ocrx_word' id='word_1_302' title='bbox 472 3125 552 3185; x_wconf 87' lang='lat' dir='ltr'><strong>adid</strong></span> <span class='ocrx_word' id='word_1_303' title='bbox 567 3125 701 3186; x_wconf 86' lang='lat' dir='ltr'><strong>locorum</strong></span> <span class='ocrx_word' id='word_1_304' title='bbox 716 3127 783 3187; x_wconf 92' lang='lat' dir='ltr'><strong>talis</strong></span> <span class='ocrx_word' id='word_1_305' title='bbox 798 3127 843 3188; x_wconf 89' lang='lat' dir='ltr'><strong>vir</strong></span> <span class='ocrx_word' id='word_1_306' title='bbox 857 3161 898 3172; x_wconf 91' lang='lat'><strong>—-</strong></span> <span class='ocrx_word' id='word_1_307' title='bbox 907 3147 976 3190; x_wconf 91' lang='lat' dir='ltr'><strong>nam</strong></span> <span class='ocrx_word' id='word_1_308' title='bbox 988 3137 1090 3208; x_wconf 86' lang='lat' dir='ltr'><strong>postea</strong></span> <span class='ocrx_word' id='word_1_309' title='bbox 1101 3131 1262 3194; x_wconf 88' lang='lat' dir='ltr'><strong>ambitione</strong></span> 
     </span>
     <span class='ocr_line' id='line_1_34' title="bbox 202 3210 1262 3292; baseline 0.005 -21"><span class='ocrx_word' id='word_1_310' title='bbox 202 3229 341 3292; x_wconf 88' lang='lat' dir='ltr'><strong>praeceps</strong></span> <span class='ocrx_word' id='word_1_311' title='bbox 362 3210 446 3271; x_wconf 88' lang='lat' dir='ltr'><strong>datus</strong></span> <span class='ocrx_word' id='word_1_312' title='bbox 468 3216 514 3270; x_wconf 89' lang='lat' dir='ltr'><strong>est</strong></span> <span class='ocrx_word' id='word_1_313' title='bbox 535 3243 576 3253; x_wconf 91' lang='lat'><em>-</em></span> <span class='ocrx_word' id='word_1_314' title='bbox 596 3210 733 3288; x_wconf 88' lang='lat' dir='ltr'><strong>adpetere</strong></span> <span class='ocrx_word' id='word_1_315' title='bbox 753 3229 814 3272; x_wconf 89' lang='lat' dir='ltr'><strong>nan</strong></span> <span class='ocrx_word' id='word_1_316' title='bbox 834 3212 968 3274; x_wconf 90' lang='lat' dir='ltr'><strong>audebat.</strong></span> <span class='ocrx_word' id='word_1_317' title='bbox 999 3215 1087 3275; x_wconf 90' lang='lat' dir='ltr'><strong>etiam</strong></span> <span class='ocrx_word' id='word_1_318' title='bbox 1108 3222 1175 3276; x_wconf 89' lang='lat' dir='ltr'><strong>tum</strong></span> <span class='ocrx_word' id='word_1_319' title='bbox 1190 3216 1262 3276; x_wconf 90' lang='lat' dir='ltr'><strong>alios</strong></span> 
     </span>
    </p>
   </div>
   <div class='ocr_carea' id='block_1_3' title="bbox 115 3294 1317 3634">
    <p class='ocr_par' dir='ltr' id='par_1_13' title="bbox 115 3294 1317 3462">
     <span class='ocr_line' id='line_1_35' title="bbox 115 3294 1262 3378; baseline 0.003 -21"><span class='ocrx_word' id='word_1_320' title='bbox 115 3333 116 3337; x_wconf 62' lang='lat'><em>=</em></span> <span class='ocrx_word' id='word_1_321' title='bbox 202 3296 389 3376; x_wconf 87' lang='lat' dir='ltr'><strong>magistratus</strong></span> <span class='ocrx_word' id='word_1_322' title='bbox 406 3294 501 3373; x_wconf 89' lang='lat' dir='ltr'><strong>plebs,</strong></span> <span class='ocrx_word' id='word_1_323' title='bbox 525 3294 710 3356; x_wconf 88' lang='lat' dir='ltr'><strong>consulatum</strong></span> <span class='ocrx_word' id='word_1_324' title='bbox 725 3296 861 3358; x_wconf 90' lang='lat' dir='ltr'><strong>nobilitas</strong></span> <span class='ocrx_word' id='word_1_325' title='bbox 876 3297 953 3360; x_wconf 90' lang='lat' dir='ltr'><strong>inter</strong></span> <span class='ocrx_word' id='word_1_326' title='bbox 967 3317 999 3359; x_wconf 91' lang='lat' dir='ltr'><strong>se</strong></span> <span class='ocrx_word' id='word_1_327' title='bbox 1013 3318 1066 3378; x_wconf 89' lang='lat' dir='ltr'><strong>per</strong></span> <span class='ocrx_word' id='word_1_328' title='bbox 1079 3318 1185 3360; x_wconf 91' lang='lat' dir='ltr'><strong>manus</strong></span> <span class='ocrx_word' id='word_1_329' title='bbox 1200 3307 1262 3360; x_wconf 90' lang='lat' dir='ltr'><strong>tra-</strong></span> 
     </span>
     <span class='ocr_line' id='line_1_36' title="bbox 167 3381 1317 3462; baseline 0.003 -22"><span class='ocrx_word' id='word_1_330' title='bbox 167 3393 181 3440; x_wconf 77' lang='grc'><strong>1</strong></span> <span class='ocrx_word' id='word_1_331' title='bbox 203 3381 299 3442; x_wconf 89' lang='lat' dir='ltr'><strong>debat.</strong></span> <span class='ocrx_word' id='word_1_332' title='bbox 329 3398 421 3441; x_wconf 91' lang='lat' dir='ltr'><strong>novos</strong></span> <span class='ocrx_word' id='word_1_333' title='bbox 440 3398 528 3440; x_wconf 91' lang='lat' dir='ltr'><strong>nemo</strong></span> <span class='ocrx_word' id='word_1_334' title='bbox 548 3385 610 3440; x_wconf 91' lang='lat' dir='ltr'><strong>tam</strong></span> <span class='ocrx_word' id='word_1_335' title='bbox 632 3381 729 3440; x_wconf 88' lang='lat' dir='ltr'><strong>clarus</strong></span> <span class='ocrx_word' id='word_1_336' title='bbox 746 3398 843 3460; x_wconf 89' lang='lat' dir='ltr'><strong>neque</strong></span> <span class='ocrx_word' id='word_1_337' title='bbox 865 3389 927 3443; x_wconf 93' lang='lat' dir='ltr'><strong>tarn</strong></span> <span class='ocrx_word' id='word_1_338' title='bbox 948 3383 1070 3462; x_wconf 88' lang='lat' dir='ltr'><strong>egregiis</strong></span> <span class='ocrx_word' id='word_1_339' title='bbox 1089 3385 1174 3445; x_wconf 87' lang='lat' dir='ltr'><strong>factis</strong></span> <span class='ocrx_word' id='word_1_340' title='bbox 1190 3393 1261 3458; x_wconf 86' lang='lat' dir='ltr'><strong>erat,</strong></span> <span class='ocrx_word' id='word_1_341' title='bbox 1282 3391 1317 3444; x_wconf 78' lang='lat'><strong>³5</strong></span> 
     </span>
    </p>

    <p class='ocr_par' dir='ltr' id='par_1_14' title="bbox 141 3465 1263 3548">
     <span class='ocr_line' id='line_1_37' title="bbox 141 3465 1263 3548; baseline 0.007 -24"><span class='ocrx_word' id='word_1_342' title='bbox 141 3465 183 3525; x_wconf 73' lang='lat' dir='ltr'><strong>ut</strong></span> <span class='ocrx_word' id='word_1_343' title='bbox 203 3467 275 3545; x_wconf 92' lang='lat' dir='ltr'><strong>quin</strong></span> <span class='ocrx_word' id='word_1_344' title='bbox 294 3467 318 3526; x_wconf 92' lang='lat' dir='ltr'><strong>is</strong></span> <span class='ocrx_word' id='word_1_345' title='bbox 339 3465 475 3543; x_wconf 91' lang='lat' dir='ltr'><strong>indignus</strong></span> <span class='ocrx_word' id='word_1_346' title='bbox 495 3465 544 3526; x_wconf 94' lang='lat' dir='ltr'><strong>illo</strong></span> <span class='ocrx_word' id='word_1_347' title='bbox 559 3465 672 3526; x_wconf 87' lang='lat' dir='ltr'><strong>honore</strong></span> <span class='ocrx_word' id='word_1_348' title='bbox 687 3473 717 3526; x_wconf 91' lang='lat' dir='ltr'><strong>et</strong></span> <span class='ocrx_word' id='word_1_349' title='bbox 732 3466 816 3544; x_wconf 89' lang='lat' dir='ltr'><strong>quasi</strong></span> <span class='ocrx_word' id='word_1_350' title='bbox 830 3467 959 3545; x_wconf 91' lang='lat' dir='ltr'><strong>pollutus</strong></span> <span class='ocrx_word' id='word_1_351' title='bbox 973 3467 1139 3530; x_wconf 87' lang='lat' dir='ltr'><strong>haberetur.</strong></span> <span class='ocrx_word' id='word_1_352' title='bbox 1174 3469 1263 3548; x_wconf 90' lang='lat' dir='ltr'><strong>igitur</strong></span> 
     </span>
    </p>

    <p class='ocr_par' dir='ltr' id='par_1_15' title="bbox 201 3549 1262 3634">
     <span class='ocr_line' id='line_1_38' title="bbox 201 3549 1262 3634; baseline 0.004 -22"><span class='ocrx_word' id='word_1_353' title='bbox 201 3551 253 3612; x_wconf 93' lang='lat' dir='ltr'><strong>uhi</strong></span> <span class='ocrx_word' id='word_1_354' title='bbox 267 3549 375 3610; x_wconf 89' lang='lat' dir='ltr'><strong>Marius</strong></span> <span class='ocrx_word' id='word_1_355' title='bbox 393 3549 556 3629; x_wconf 88' lang='lat' dir='ltr'><strong>haruspicis</strong></span> <span class='ocrx_word' id='word_1_356' title='bbox 576 3549 653 3611; x_wconf 89' lang='lat' dir='ltr'><strong>dicta</strong></span> <span class='ocrx_word' id='word_1_357' title='bbox 675 3551 780 3610; x_wconf 90' lang='lat' dir='ltr'><strong>eodem</strong></span> <span class='ocrx_word' id='word_1_358' title='bbox 801 3551 952 3612; x_wconf 87' lang='lat' dir='ltr'><strong>intendere</strong></span> <span class='ocrx_word' id='word_1_359' title='bbox 967 3552 1057 3624; x_wconf 90' lang='lat' dir='ltr'><strong>videt,</strong></span> <span class='ocrx_word' id='word_1_360' title='bbox 1080 3572 1139 3632; x_wconf 92' lang='lat' dir='ltr'><strong>qua</strong></span> <span class='ocrx_word' id='word_1_361' title='bbox 1155 3555 1262 3634; x_wconf 89' lang='lat' dir='ltr'><strong>cupido</strong></span> 
     </span>
    </p>
   </div>
   <div class='ocr_carea' id='block_1_4' title="bbox 202 3665 403 3674">
    <p class='ocr_par' dir='ltr' id='par_1_16' title="bbox 202 3665 403 3674">
     <span class='ocr_line' id='line_1_39' title="bbox 202 3665 403 3674; baseline 0.01 -2"><span class='ocrx_word' id='word_1_362' title='bbox 202 3665 403 3674; x_wconf 72' lang='grc' dir='ltr'>-ι-..-....-.--.-</span> 
     </span>
    </p>
   </div>
   <div class='ocr_carea' id='block_1_5' title="bbox 203 3731 1262 4146">
    <p class='ocr_par' dir='ltr' id='par_1_17' title="bbox 203 3731 1262 4146">
     <span class='ocr_line' id='line_1_40' title="bbox 272 3731 1262 3802; baseline 0.007 -20"><span class='ocrx_word' id='word_1_363' title='bbox 272 3733 288 3782; x_wconf 87' lang='grc'><strong>6</strong></span> <span class='ocrx_word' id='word_1_364' title='bbox 305 3733 480 3783; x_wconf 82' lang='lat' dir='ltr'><strong>mauritaniam</strong></span> <span class='ocrx_word' id='word_1_365' title='bbox 492 3731 537 3799; x_wconf 76' lang='lat' dir='ltr'><strong>Pil</strong></span> <span class='ocrx_word' id='word_1_366' title='bbox 551 3735 565 3782; x_wconf 82' lang='lat'><strong>7</strong></span> <span class='ocrx_word' id='word_1_367' title='bbox 579 3749 634 3783; x_wconf 85' lang='lat' dir='ltr'><strong>cain</strong></span> <span class='ocrx_word' id='word_1_368' title='bbox 648 3733 674 3796; x_wconf 80' lang='lat'><strong>0,</strong></span> <span class='ocrx_word' id='word_1_369' title='bbox 688 3735 745 3784; x_wconf 92' lang='lat' dir='ltr'><strong>dam</strong></span> <span class='ocrx_word' id='word_1_370' title='bbox 757 3733 808 3796; x_wconf 85' lang='lat' dir='ltr'><strong>PC,</strong></span> <span class='ocrx_word' id='word_1_371' title='bbox 820 3741 873 3783; x_wconf 83' lang='lat' dir='ltr'><strong>tuan</strong></span> <span class='ocrx_word' id='word_1_372' title='bbox 887 3731 927 3802; x_wconf 72' lang='lat' dir='ltr'><strong>Cli</strong></span> <span class='ocrx_word' id='word_1_373' title='bbox 940 3735 1052 3787; x_wconf 84' lang='lat' dir='ltr'><strong>9muitis</strong></span> <span class='ocrx_word' id='word_1_374' title='bbox 1065 3737 1153 3788; x_wconf 87' lang='lat' dir='ltr'><strong>diebus</strong></span> <span class='ocrx_word' id='word_1_375' title='bbox 1164 3755 1200 3788; x_wconf 74' lang='lat' dir='ltr'><strong>eac</strong></span> <span class='ocrx_word' id='word_1_376' title='bbox 1211 3741 1262 3790; x_wconf 88' lang='lat' dir='ltr'><strong>mei</strong></span> 
     </span>
     <span class='ocr_line' id='line_1_41' title="bbox 205 3799 1262 3872; baseline 0.007 -22"><span class='ocrx_word' id='word_1_377' title='bbox 205 3817 242 3850; x_wconf 69' lang='lat' dir='ltr'><strong>aa</strong></span> <span class='ocrx_word' id='word_1_378' title='bbox 254 3819 267 3848; x_wconf 73' lang='grc'><strong>1</strong></span> <span class='ocrx_word' id='word_1_379' title='bbox 279 3819 291 3847; x_wconf 68' lang='lat' dir='ltr'><strong>a</strong></span> <span class='ocrx_word' id='word_1_380' title='bbox 304 3819 316 3848; x_wconf 70' lang='lat' dir='ltr'><strong>a</strong></span> <span class='ocrx_word' id='word_1_381' title='bbox 328 3820 340 3849; x_wconf 73' lang='grc'><strong>1</strong></span> <span class='ocrx_word' id='word_1_382' title='bbox 353 3821 365 3848; x_wconf 66' lang='lat' dir='ltr'><strong>a</strong></span> <span class='ocrx_word' id='word_1_383' title='bbox 383 3802 426 3863; x_wconf 83' lang='lat' dir='ltr'><strong>(ut</strong></span> <span class='ocrx_word' id='word_1_384' title='bbox 438 3800 551 3862; x_wconf 75' lang='grc'><strong>11111111)</strong></span> <span class='ocrx_word' id='word_1_385' title='bbox 564 3803 588 3851; x_wconf 89' lang='grc' dir='ltr'><em>Ρ</em></span> <span class='ocrx_word' id='word_1_386' title='bbox 603 3799 613 3868; x_wconf 85' lang='grc' dir='ltr'><strong>ΙΙ</strong></span> <span class='ocrx_word' id='word_1_387' title='bbox 629 3801 660 3850; x_wconf 85' lang='grc'><strong>18</strong></span> <span class='ocrx_word' id='word_1_388' title='bbox 677 3809 765 3865; x_wconf 85' lang='lat' dir='ltr'><strong>ageret</strong></span> <span class='ocrx_word' id='word_1_389' title='bbox 778 3801 810 3864; x_wconf 82' lang='lat' dir='ltr'><strong>C,</strong></span> <span class='ocrx_word' id='word_1_390' title='bbox 827 3816 904 3865; x_wconf 87' lang='lat' dir='ltr'><strong>agere</strong></span> <span class='ocrx_word' id='word_1_391' title='bbox 916 3801 962 3853; x_wconf 80' lang='grc' dir='ltr'><strong>ΡΟ</strong></span> <span class='ocrx_word' id='word_1_392' title='bbox 979 3802 989 3871; x_wconf 78' lang='grc' dir='ltr'><strong>ΙΙ</strong></span> <span class='ocrx_word' id='word_1_393' title='bbox 1011 3805 1043 3856; x_wconf 83' lang='grc'><strong>20</strong></span> <span class='ocrx_word' id='word_1_394' title='bbox 1062 3807 1209 3872; x_wconf 86' lang='lat' dir='ltr'><strong>capiundum</strong></span> <span class='ocrx_word' id='word_1_395' title='bbox 1224 3824 1262 3858; x_wconf 71' lang='grc'><strong>111</strong></span> 
     </span>
     <span class='ocr_line' id='line_1_42' title="bbox 204 3864 1261 3940; baseline 0.006 -21"><span class='ocrx_word' id='word_1_396' title='bbox 204 3867 352 3936; x_wconf 87' lang='lat' dir='ltr'><strong>capiundum</strong></span> <span class='ocrx_word' id='word_1_397' title='bbox 364 3869 387 3918; x_wconf 89' lang='lat' dir='ltr'><em>P</em></span> <span class='ocrx_word' id='word_1_398' title='bbox 399 3864 408 3934; x_wconf 76' lang='lat' dir='ltr'><strong>ll</strong></span> <span class='ocrx_word' id='word_1_399' title='bbox 421 3868 451 3916; x_wconf 85' lang='lat'><strong>21</strong></span> <span class='ocrx_word' id='word_1_400' title='bbox 466 3875 633 3918; x_wconf 77' lang='lat' dir='ltr'><strong>aestuatatem</strong></span> <span class='ocrx_word' id='word_1_401' title='bbox 645 3871 669 3919; x_wconf 91' lang='lat' dir='ltr'><em>P</em></span> <span class='ocrx_word' id='word_1_402' title='bbox 680 3868 689 3934; x_wconf 79' lang='grc'><strong>11</strong></span> <span class='ocrx_word' id='word_1_403' title='bbox 702 3869 800 3918; x_wconf 88' lang='lat' dir='ltr'><strong>abunda</strong></span> <span class='ocrx_word' id='word_1_404' title='bbox 812 3870 837 3918; x_wconf 85' lang='lat' dir='ltr'><em>P</em></span> <span class='ocrx_word' id='word_1_405' title='bbox 847 3869 856 3934; x_wconf 84' lang='grc' dir='ltr'><strong>ΙΙ</strong></span> <span class='ocrx_word' id='word_1_406' title='bbox 866 3869 899 3920; x_wconf 82' lang='grc'><strong>23</strong></span> <span class='ocrx_word' id='word_1_407' title='bbox 918 3878 943 3922; x_wconf 91' lang='lat' dir='ltr'><strong>et</strong></span> <span class='ocrx_word' id='word_1_408' title='bbox 952 3888 980 3940; x_wconf 86' lang='lat' dir='ltr'><strong>p,</strong></span> <span class='ocrx_word' id='word_1_409' title='bbox 993 3887 1022 3923; x_wconf 89' lang='lat' dir='ltr'><strong>aa</strong></span> <span class='ocrx_word' id='word_1_410' title='bbox 1034 3871 1079 3940; x_wconf 76' lang='lat' dir='ltr'><strong>Pl</strong></span> <span class='ocrx_word' id='word_1_411' title='bbox 1096 3875 1129 3924; x_wconf 83' lang='lat'><strong>25</strong></span> <span class='ocrx_word' id='word_1_412' title='bbox 1142 3883 1261 3925; x_wconf 70' lang='grc'><strong>1111111</strong></span> 
     </span>
     <span class='ocr_line' id='line_1_43' title="bbox 203 3931 1261 4009; baseline 0.005 -22"><span class='ocrx_word' id='word_1_413' title='bbox 203 3937 271 3987; x_wconf 82' lang='lat' dir='ltr'><strong>altas</strong></span> <span class='ocrx_word' id='word_1_414' title='bbox 285 3937 307 3986; x_wconf 85' lang='grc' dir='ltr'><em>Ρ</em></span> <span class='ocrx_word' id='word_1_415' title='bbox 318 3931 328 4002; x_wconf 81' lang='grc' dir='ltr'><strong>ΙΙ</strong></span> <span class='ocrx_word' id='word_1_416' title='bbox 341 3936 373 3986; x_wconf 83' lang='grc'><strong>26</strong></span> <span class='ocrx_word' id='word_1_417' title='bbox 383 3935 511 3984; x_wconf 87' lang='lat' dir='ltr'><strong>munditiis</strong></span> <span class='ocrx_word' id='word_1_418' title='bbox 521 3952 559 3999; x_wconf 77' lang='grc'><strong>11</strong></span> <span class='ocrx_word' id='word_1_419' title='bbox 570 3936 668 3986; x_wconf 88' lang='lat' dir='ltr'><strong>militiis</strong></span> <span class='ocrx_word' id='word_1_420' title='bbox 680 3937 705 3984; x_wconf 89' lang='lat' dir='ltr'><em>P</em></span> <span class='ocrx_word' id='word_1_421' title='bbox 715 3933 725 4002; x_wconf 80' lang='grc' dir='ltr'><strong>ΙΙ</strong></span> <span class='ocrx_word' id='word_1_422' title='bbox 738 3936 771 3985; x_wconf 83' lang='grc'><strong>28</strong></span> <span class='ocrx_word' id='word_1_423' title='bbox 788 3934 873 4000; x_wconf 79' lang='lat' dir='ltr'><strong>facile]</strong></span> <span class='ocrx_word' id='word_1_424' title='bbox 886 3937 960 3990; x_wconf 87' lang='lat' dir='ltr'><strong>iactis</strong></span> <span class='ocrx_word' id='word_1_425' title='bbox 972 3941 1118 3992; x_wconf 79' lang='lat' dir='ltr'><strong>Palmari&#39;aa</strong></span> <span class='ocrx_word' id='word_1_426' title='bbox 1131 3940 1141 4009; x_wconf 74' lang='lat' dir='ltr'><strong>ll</strong></span> <span class='ocrx_word' id='word_1_427' title='bbox 1154 3943 1186 3992; x_wconf 89' lang='grc'><strong>33</strong></span> <span class='ocrx_word' id='word_1_428' title='bbox 1198 3959 1261 3992; x_wconf 90' lang='lat' dir='ltr'><strong>can-</strong></span> 
     </span>
     <span class='ocr_line' id='line_1_44' title="bbox 204 3999 1261 4078; baseline 0.007 -24"><span class='ocrx_word' id='word_1_429' title='bbox 204 4005 314 4054; x_wconf 86' lang='lat' dir='ltr'><strong>salatum</strong></span> <span class='ocrx_word' id='word_1_430' title='bbox 327 4010 444 4071; x_wconf 85' lang='lat' dir='ltr'><strong>appetere</strong></span> <span class='ocrx_word' id='word_1_431' title='bbox 456 4019 471 4052; x_wconf 78' lang='lat' dir='ltr'><em>z</em></span> <span class='ocrx_word' id='word_1_432' title='bbox 483 3999 493 4070; x_wconf 74' lang='lat' dir='ltr'><strong>ll</strong></span> <span class='ocrx_word' id='word_1_433' title='bbox 506 4002 538 4054; x_wconf 77' lang='lat'><strong>35</strong></span> <span class='ocrx_word' id='word_1_434' title='bbox 551 4003 661 4067; x_wconf 83' lang='lat' dir='ltr'><strong>egregiis</strong></span> <span class='ocrx_word' id='word_1_435' title='bbox 673 4002 724 4067; x_wconf 85' lang='lat' dir='ltr'><strong>PC,</strong></span> <span class='ocrx_word' id='word_1_436' title='bbox 737 4004 854 4068; x_wconf 70' lang='lat' dir='ltr'><strong>egregius</strong></span> <span class='ocrx_word' id='word_1_437' title='bbox 865 4003 906 4073; x_wconf 77' lang='grc'><strong>011</strong></span> <span class='ocrx_word' id='word_1_438' title='bbox 920 4007 952 4057; x_wconf 84' lang='grc'><strong>36</strong></span> <span class='ocrx_word' id='word_1_439' title='bbox 964 4007 987 4056; x_wconf 84' lang='lat' dir='ltr'><strong>is</strong></span> <span class='ocrx_word' id='word_1_440' title='bbox 999 4011 1089 4072; x_wconf 74' lang='grc'><strong>11111),</strong></span> <span class='ocrx_word' id='word_1_441' title='bbox 1101 4013 1212 4060; x_wconf 75' lang='lat' dir='ltr'><strong>inamit</strong></span> <span class='ocrx_word' id='word_1_442' title='bbox 1221 4009 1261 4078; x_wconf 74' lang='lat' dir='ltr'><strong>pil</strong></span> 
     </span>
     <span class='ocr_line' id='line_1_45' title="bbox 203 4070 1259 4146; baseline 0.005 -23"><span class='ocrx_word' id='word_1_443' title='bbox 203 4073 235 4123; x_wconf 82' lang='grc'><strong>31</strong></span> <span class='ocrx_word' id='word_1_444' title='bbox 249 4087 307 4122; x_wconf 89' lang='lat' dir='ltr'><strong>cum</strong></span> <span class='ocrx_word' id='word_1_445' title='bbox 319 4077 379 4123; x_wconf 83' lang='lat' dir='ltr'><strong>anta</strong></span> <span class='ocrx_word' id='word_1_446' title='bbox 392 4070 517 4137; x_wconf 83' lang='lat' dir='ltr'><strong>aruspicis</strong></span> <span class='ocrx_word' id='word_1_447' title='bbox 528 4075 648 4122; x_wconf 80' lang='lat' dir='ltr'><strong>inserant</strong></span> <span class='ocrx_word' id='word_1_448' title='bbox 659 4071 710 4136; x_wconf 83' lang='lat' dir='ltr'><strong>PC,</strong></span> <span class='ocrx_word' id='word_1_449' title='bbox 723 4088 772 4124; x_wconf 88' lang='lat' dir='ltr'><strong>am.</strong></span> <span class='ocrx_word' id='word_1_450' title='bbox 787 4071 809 4122; x_wconf 82' lang='lat' dir='ltr'><em>C</em></span> <span class='ocrx_word' id='word_1_451' title='bbox 819 4074 829 4142; x_wconf 76' lang='lat' dir='ltr'><strong>{l</strong></span> <span class='ocrx_word' id='word_1_452' title='bbox 842 4073 972 4125; x_wconf 83' lang='lat' dir='ltr'><strong>intendere</strong></span> <span class='ocrx_word' id='word_1_453' title='bbox 984 4074 1054 4126; x_wconf 87' lang='lat' dir='ltr'><strong>uidet</strong></span> <span class='ocrx_word' id='word_1_454' title='bbox 1065 4091 1115 4128; x_wconf 84' lang='grc'><strong>1111.</strong></span> <span class='ocrx_word' id='word_1_455' title='bbox 1127 4078 1163 4144; x_wconf 86' lang='grc' dir='ltr'><strong>Ρ,</strong></span> <span class='ocrx_word' id='word_1_456' title='bbox 1174 4095 1195 4129; x_wconf 78' lang='lat' dir='ltr'><strong>a.</strong></span> <span class='ocrx_word' id='word_1_457' title='bbox 1207 4095 1229 4128; x_wconf 79' lang='lat' dir='ltr'><strong>s.</strong></span> <span class='ocrx_word' id='word_1_458' title='bbox 1239 4095 1259 4146; x_wconf 81' lang='lat' dir='ltr'><strong>p</strong></span> 
     </span>
    </p>
   </div>
   <div class='ocr_carea' id='block_1_6' title="bbox 0 0 1432 4678">
    <p class='ocr_par' dir='ltr' id='par_1_18' title="bbox 0 0 1432 4678">
     <span class='ocr_line' id='line_1_46' title="bbox 0 0 1432 4678; baseline 0 1"><span class='ocrx_word' id='word_1_459' title='bbox 0 0 1432 4678; x_wconf 95' lang='lat' dir='ltr'><strong> </strong></span> 
     </span>
    </p>
   </div>
  </div>
 </body>
</html>
