2854 4678
241 351 282 412 aa
519 322 523 328 ’
609 346 637 394 c.
651 343 810 397 sattusrr
827 345 928 396 cursu

241 503 373 581 equitatu
388 501 418 560 in
433 507 526 561 castra
541 500 627 571 venit,
645 519 719 578 quos
733 501 777 560 uti
793 519 828 560 ex
843 499 925 560 Latio
941 506 970 559 et
985 497 1097 560 asociis
1109 506 1227 576 cogeret
1238 499 1302 560 Ro-

205 598 220 646 2
241 606 306 646 mae
321 585 438 646 relictus
454 592 525 646 erat.
552 585 602 644 sed
619 585 758 663 quoniam
773 602 827 645 nos
842 585 917 644 tanti
932 583 985 649 viri
996 601 1043 643 res
1056 582 1218 654 admonuit,
1235 582 1300 642 ido-

240 689 330 732 neum
350 670 444 730 visum
466 676 511 729 est
532 669 566 728 de
587 676 691 730 natura
710 669 848 747 cultuque
868 668 931 728 eius
951 667 1050 745 paucis
1067 667 1171 727 dicere.
1203 684 1299 745 neque

240 755 320 815 enim
336 754 390 816 alio
406 755 470 813 loeo
485 753 521 813 de
537 753 633 813 Sullae
648 753 735 813 rebus
751 753 857 812 dicturi
870 771 973 813 sumus
988 759 1018 812 et
1029 751 1060 810 L.
1074 751 1195 811 Sisenna
1209 759 1299 829 optu-

241 860 288 900 me
300 847 329 900 et
340 836 568 918 diligentissume
580 837 714 897 omniurn
727 837 776 914 qui
787 856 835 898 eas
847 855 894 897 res
906 836 1004 896 dixere
1013 843 1185 914 persecutus
1193 853 1299 914 parum
1324 847 1340 894 5

242 925 315 984 mihi
327 924 417 983 libero
433 941 483 982 ore
498 923 614 982 locutus
629 921 751 981 videtur.

206 1018 221 1066 3
325 1008 416 1086 lgitur
428 1007 506 1066 Sulla
518 1006 612 1084 gentis
622 1006 759 1084 patriciae
770 1005 876 1064 nobilis
888 1005 944 1064 fuit
954 1004 1062 1064 familia
1073 1005 1132 1064 iam
1143 1023 1235 1083 prope
1248 1024 1300 1064 ex-

240 1093 332 1154 tincta
347 1092 491 1153 maiorum
507 1091 632 1168 ignavia,
648 1089 751 1150 litteris
763 1088 878 1150 Graecis
891 1095 921 1148 et
931 1089 1042 1150 Latinis
1053 1089 1133 1150 iuxta
1144 1095 1233 1167 atque
1246 1089 1302 1148 do-

242 1179 381 1237 ctissume
397 1175 538 1244 eruditus
555 1173 653 1234 animo
665 1174 784 1252 ingenti,
802 1173 923 1251 cupidus
935 1174 1118 1252 voluptatum
1130 1175 1182 1232 sed
1192 1173 1301 1252 gloriae

201 1254 206 1262 ’
242 1261 386 1340 cupidior,
400 1259 460 1320 otio
474 1257 624 1318 luxurioso
640 1276 718 1317 esse:
734 1265 834 1318 tamen
849 1257 884 1318 ab
899 1258 1022 1336 negotiis
1037 1275 1201 1336 numquam
1216 1258 1302 1318 volu·
1328 1268 1360 1316 to

243 1353 308 1424 ptas
328 1351 488 1413 remorata,
509 1343 565 1402 nisi
581 1343 659 1421 quod
675 1343 710 1402 de
726 1361 817 1402 uxore
832 1342 928 1420 potuit
943 1342 1096 1402 honestius
1112 1343 1239 1416 oonsuli3
1256 1342 1302 1402 fa-

243 1429 357 1489 cundus
373 1428 491 1488 callidus
507 1434 536 1487 et
551 1427 676 1488 amicitia
691 1427 797 1498 facilia,
810 1427 855 1510 ad
871 1427 1032 1486 simulanda
1047 1427 1162 1504 negotia
1178 1427 1303 1486 altitudo

243 1513 338 1592 ingeni
350 1511 534 1583 incredibilis
548 1511 708 1572 multarum
720 1529 821 1570 rerum
835 1531 869 1571 ae
878 1530 1014 1570 maxume
1023 1511 1163 1588 pecuniae
1172 1511 1302 1589 largitor.

206 1605 222 1652 4
243 1606 331 1677 atque
346 1597 395 1668 illi,
411 1597 589 1657 felicissumo
606 1597 739 1656 omnium
755 1603 822 1654 ante
837 1595 950 1654 civilem
961 1595 1120 1667 victoriam,
1136 1613 1302 1672 numquam

244 1701 333 1762 super
347 1681 519 1742 iudustriam
535 1681 653 1740 fortuna
668 1681 733 1752 fuit,
747 1679 891 1758 multique
908 1679 1074 1739 dubitavere
1090 1680 1196 1740 fortior
1207 1697 1245 1738 an
1255 1679 1304 1738 le·
1330 1691 1361 1739 15

243 1769 325 1828 licior
339 1773 426 1826 esset.
457 1783 525 1826 nam
542 1772 642 1844 postea
657 1784 731 1843 quae
746 1765 856 1834 fecerit,
872 1765 1020 1824 incertum
1034 1763 1127 1825 habeo
1143 1763 1251 1842 pudeat
1266 1782 1306 1824 an

243 1853 339 1931 pigeat
353 1850 445 1928 magis
459 1849 611 1910 disserere.
752 1925 757 1931 ,
900 1913 904 1917 ,
1025 1895 1026 1898 1

184 1932 225 1992 tto
330 1936 420 2013 Igitur
436 1933 528 2005 Sulla,
545 1933 587 1994 uti
603 1951 691 2012 supra
706 1933 817 1993 dietum
832 1940 885 2004 est,
902 1939 1059 2012 postquam
1075 1932 1106 1992 in
1116 1932 1245 1996 Africam
1256 1938 1305 1994 at-

247 2039 303 2099 que
323 2019 354 2079 in
374 2028 467 2080 castra
487 2018 558 2078 Mari
578 2037 646 2078 cum
668 2018 800 2096 equitatu
820 2017 912 2090 venit,
932 2017 1015 2078 rudis
1036 2023 1120 2077 antea
1141 2024 1171 2076 et
1185 2017 1306 2096 ignarus

246 2103 326 2174 belli,
344 2103 574 2163 sollertissumus
591 2103 724 2162 omnium
739 2103 769 2161 in
783 2102 883 2180 paucis
898 2102 1121 2180 tempestatibus
1136 2102 1230 2160 factus
1246 2108 1304 2162 est.
1329 2116 1364 2164 20

209 2197 225 2245 2
247 2189 283 2248 ad
302 2190 359 2248 hoc
377 2188 483 2246 milites
503 2187 626 2266 benigne
646 2186 804 2265 appellare,
826 2186 926 2246 multis
942 2186 1111 2264 rogantibus
1126 2185 1188 2246 aliis
1203 2203 1256 2264 per
1272 2205 1305 2245 se

245 2273 308 2352 ipse
327 2272 395 2330 dare
415 2271 561 2341 benificia,
583 2269 690 2330 invitus
706 2271 849 2348 accipere,
871 2272 922 2331 sed
942 2289 976 2330 ea
990 2270 1194 2350 properantius
1211 2287 1303 2348 quam

247 2377 295 2418 aes
311 2363 450 2415 mutuum
462 2354 591 2425 reddere,
607 2355 668 2432 ipse
684 2355 719 2415 ab
734 2355 813 2415 nullo
825 2363 967 2434 repetere,
984 2355 1074 2434 magis
1086 2355 1114 2414 id
1127 2354 1259 2414 laborare
1271 2363 1306 2414 ut

245 2441 286 2501 illi
298 2459 385 2520 quam
397 2439 527 2518 plurumi
539 2439 687 2511 deberent,
703 2440 766 2500 ioca
778 2447 865 2519 atque
876 2440 950 2500 seria
962 2458 1029 2500 cum
1042 2439 1223 2508 humillumis
1236 2457 1306 2518 age-

212 2537 226 2586 3
247 2528 298 2590 re(
309 2526 339 2586 in
355 2525 492 2604 operibus
507 2524 537 2582 in
552 2525 665 2604 agmine
681 2532 768 2603 atque
784 2523 819 2584 ad
835 2525 942 2604 vigilias
957 2525 1068 2584 multus
1081 2525 1190 2595 adesse,
1207 2541 1307 2603 neque
1330 2539 1363 2587 25

247 2611 379 2682 interim,
396 2609 474 2688 quod
491 2627 577 2688 prava
592 2609 712 2669 ambitio
728 2609 817 2680 solet,
839 2609 966 2671 consulis
981 2617 1031 2670 aut
1046 2609 1219 2688 cuiusquam
1235 2609 1309 2670 boni

247 2696 357 2756 famam
372 2695 501 2766 laedere,
522 2701 637 2754 tantum
654 2695 743 2754 modo
758 2711 853 2772 neque
869 2694 990 2755 consilio
1006 2712 1101 2773 neque
1118 2712 1208 2755 manu
1224 2695 1308 2772 prio-

212 2795 228 2842 4
247 2799 311 2840 rem
331 2780 420 2840 alium
442 2780 517 2857 pati,
538 2779 693 2858 plerosque
713 2778 889 2839 antevenire.
921 2777 1025 2856 quihus
1045 2780 1133 2839 rebus
1149 2785 1178 2838 et
1193 2777 1308 2838 artibus

156 2891 162 2908 .
248 2865 328 2926 brevi
343 2863 433 2923 Mario
449 2863 648 2941 militibusque
662 2864 840 2924 carissumus
854 2863 957 2923 factus.

187 2951 228 3011 tt
333 2947 371 3006 ht
385 2947 532 3024 Iugurtha,
547 2955 703 3025 postquam
715 2947 856 3026 oppidum
869 2947 992 3024 Capsam
1004 2947 1133 3024 aliosque
1144 2945 1225 3006 locos
1237 2963 1309 3004 mu·
1332 2959 1367 3008 30

250 3032 327 3091 nitos
340 3037 372 3089 'et
387 3029 441 3089 sibi
455 3029 545 3100 utilis,
561 3031 649 3090 simul
664 3037 694 3089 et
708 3048 842 3108 magnam
854 3031 1008 3108 pecuniam
1021 3031 1166 3102 amiserat,
1182 3031 1218 3089 ad
1230 3030 1309 3090 Boe-

251 3115 340 3175 chum
356 3113 475 3172 nuntios
490 3113 580 3183 misit,
596 3133 684 3192 quam
700 3115 829 3192 primum
844 3115 876 3174 in
887 3115 1055 3175 Numidiam
1071 3118 1168 3194 copias
1180 3113 1311 3174 adduce-

215 3214 230 3263 2
251 3207 310 3271 ret,
332 3197 424 3277 proeli
444 3197 570 3258 faciundi
587 3205 704 3276 tempus
726 3199 836 3258 adesse.
867 3218 956 3278 quem
975 3199 1026 3259 uhi
1045 3199 1176 3260 cunctari
1196 3200 1310 3278 accepit

250 3292 280 3345 et
295 3284 415 3344 dubium
431 3281 499 3342 belli
508 3289 596 3361 atque
606 3281 685 3360 pacis
696 3283 823 3342 rationes
834 3285 958 3355 trahere,
973 3301 1076 3344 rursus
1087 3284 1130 3344 uti
1142 3291 1226 3344 antea
1237 3302 1310 3362 pro-

251 3388 357 3430 xumos
377 3367 442 3428 eius
463 3366 548 3426 donis
569 3367 717 3445 oonrupit,
739 3366 852 3446 ipsique
871 3366 971 3427 Mauro
986 3368 1140 3446 pollicetur
1153 3367 1311 3428 Numidiae
1334 3381 1369 3429 35

253 3525 450 3535 ...η-ἠ-

323 3588 333 3636 1
355 3587 456 3652 quodP
475 3585 485 3654 11
505 3588 520 3636 2
540 3589 654 3653 quoniam
670 3589 735 3638 tanti
746 3588 796 3638 uiri
814 3604 858 3638 nos
870 3594 967 3652 tempus
986 3585 1114 3636 admonuit
1126 3588 1210 3637 Patro.
1224 3587 1270 3636 vol.
1285 3587 1316 3636 ΙΙ

148 3671 169 3685 n
251 3672 278 3721 p.
297 3654 350 3704 328
366 3655 402 3719 of.
418 3655 472 3705 Cat.
485 3656 513 3721 5,
525 3655 543 3704 9
560 3653 569 3723 11
582 3657 598 3706 4
616 3657 766 3706 dicturimna
779 3657 808 3720 P,
821 3657 937 3706 coercent
948 3658 975 3704 tn
987 3669 1101 3721 amrg.p
1115 3650 1152 3720 116
1171 3653 1272 3704 uidetur
1283 3657 1311 3704 in

253 3737 349 3771 rasura
361 3723 384 3772 P
396 3719 434 3788 118
451 3723 602 3773 doctissumi
624 3726 773 3790 scripserim
790 3721 799 3790 11
820 3723 850 3772 tn
871 3723 902 3772 ad
919 3719 1194 3788 111111111111111113
1213 3721 1313 3784 largior

254 3791 278 3839 P
288 3787 298 3854 11
314 3789 343 3838 16
361 3788 484 3838 incertum
495 3791 574 3840 habeo
587 3809 608 3841 a.
621 3808 641 3840 s.
655 3793 679 3841 P
690 3791 699 3856 1
716 3793 806 3857 pudeat
820 3789 846 3852 0,
858 3790 934 3856 pudet
945 3789 991 3840 PC
1005 3787 1015 3855 1
1034 3803 1066 3837 an
1077 3789 1161 3854 pigeat
1173 3788 1252 3853 magia
1265 3790 1312 3852 (au

252 3872 288 3906 eo.-
298 3871 323 3904 m
336 3869 404 3906 corr.
417 3857 448 3920 P)
461 3857 512 3919 PC,
524 3857 623 3909 Noniae
632 3875 659 3924 p.
670 3859 729 3920 424,
740 3858 821 3922 magis
833 3872 864 3906 an
876 3857 960 3922 pigeat
970 3854 1008 3923 011
1019 3857 1049 3906 18
1067 3871 1144 3920 supra
1155 3855 1313 3921 praedictum

253 3926 276 3975 P
288 3921 297 3991 11
311 3923 342 3972 22
361 3922 414 3988 ipso
426 3939 446 3972 1.
460 3941 482 3972 s.
496 3923 539 3990 Ρ1
553 3925 584 3976 25
598 3927 688 3975 multos
704 3925 780 3991 Ρ1131
801 3925 937 3975 admiserat
948 3941 984 3974 11
996 3925 1129 3974 adheserat
1141 3925 1165 3974 P
1200 3923 1231 3973 32
1245 3923 1313 3973 misit

254 3994 284 4052 P,
296 3990 374 4040 mittit
388 3989 447 4054 0111
461 3987 515 4056 133
534 3993 576 4042 abi
590 3993 616 4056 C,
628 3993 662 4042 ibi
674 3995 698 4043 P
714 3990 723 4060 11
741 3994 773 4044 35
792 3992 846 4043 eius
859 3991 909 4054 PC,
922 4007 971 4042 om.
986 3991 1007 4042 C
1015 3991 1158 4042 doteriores
1197 3992 1315 4056 corrupit

256 4058 306 4120 PC,
319 4059 456 4123 corrumpit
470 4059 491 4109 C
