2854 4678
218 364 258 426 78
587 360 615 412 C.
627 359 786 412 snmusrl
803 359 907 412 CRISPI

215 519 293 582 rium
308 515 462 578 Numidiae
474 515 538 576 sine
553 532 637 576 mora
652 514 838 589 habiturum3
853 515 883 575 id
897 514 969 576 adeo
981 521 1096 577 mature
1108 533 1194 595 posse
1205 535 1280 577 eve-

178 614 194 662 r
215 603 293 675 nire,
314 602 340 662 si
360 601 423 681 ipse
444 599 547 662 consul
561 599 597 661 ad
611 599 642 660 id
655 601 766 662 bellum
781 599 889 662 missus
903 600 990 661 foret.
1026 600 1125 680 itaque
1145 607 1176 660 et
1188 600 1280 664 illum

215 695 245 748 et
263 687 377 768 equites
391 687 541 747 Romanos
556 683 665 746 milites
680 691 709 745 et
722 685 932 764 negotiatores,
954 685 1026 746 alios
1041 685 1103 764 ipse
1117 684 1279 765 plerosque

214 772 293 852 pacis
315 789 384 851 spes
404 770 531 850 inpellit,
552 770 597 832 uti
615 769 742 830 Romam
767 770 803 830 ad
829 787 900 830 suos
920 769 1102 831 necessarios
1121 788 1223 849 aspere
1241 770 1278 832 in

177 867 192 915 5
213 856 363 920 Metellum
381 855 416 916 de
434 855 511 916 bello
530 854 672 926 scribant,
696 853 820 915 Marium
838 853 1047 933 imperatorem
1065 861 1197 934 poscant.
1232 854 1278 916 sic
1300 869 1322 919 5

214 941 255 1002 illi
282 962 299 1002 a
320 940 422 1002 multis
442 939 618 1001 mortalibus
637 939 856 1000 honestissuma
876 939 1083 1018 suffragatione
1104 939 1276 1000 consulante

213 1027 376 1106 petebatur.
406 1025 494 1086 sirum
508 1044 542 1084 ea
555 1030 732 1103 tempestate
745 1023 844 1102 plebs,
863 1023 1015 1084 nobilitate
1030 1024 1096 1084 fusa
1110 1023 1275 1103 perlegens

213 1111 383 1183 Mamiliam,
400 1127 492 1170 novos
507 1108 673 1170 extollebat.
703 1108 744 1169 ita
757 1107 847 1172 Mario
863 1115 968 1170 cuncta
982 1108 1151 1187 procedere.

150 1197 192 1258 ab
298 1194 420 1256 Interim
434 1192 575 1272 lugmtha
588 1199 748 1272 postquam
763 1193 871 1254 omissa
883 1193 1030 1254 deditione
1042 1191 1152 1254 bellum
1162 1191 1275 1271 incipit,

213 1299 281 1342 cnm
297 1297 403 1359 magna
417 1295 487 1339 cura
498 1295 601 1358 parare
612 1277 721 1350 omnia,
735 1277 884 1350 festinare,
900 1296 1004 1357 cogere
1016 1277 1186 1349 exereitum,
1203 1277 1277 1338 civi·
1300 1290 1342 1341 10

212 1366 282 1426 tatis
298 1383 373 1444 quae
388 1363 423 1424 ab
438 1381 471 1424 se
487 1362 652 1424 deiecerant
665 1362 823 1423 formidine
838 1369 889 1423 ant
901 1363 1076 1424 ostentando
1087 1361 1217 1441 praemia
1228 1362 1277 1423 ai-

210 1451 330 1522 iectare,
347 1447 522 1510 conmunire
537 1465 608 1508 suos
625 1447 715 1520 locos,
731 1465 812 1508 arma
829 1448 887 1508 tela
901 1447 1024 1526 aliaque,
1047 1465 1122 1526 quae
1132 1465 1184 1526 spe
1194 1446 1276 1526 pacis

211 1535 364 1606 enumerat,
385 1533 504 1594 reficere
519 1538 570 1592 aut
584 1532 781 1605 conmercari,
801 1531 918 1592 servitia
932 1532 1136 1594 Romanorum
1151 1531 1277 1594 adlicere

211 1627 242 1680 et
252 1639 304 1681 eos
315 1620 404 1698 ipsos,
417 1616 468 1697 qui
479 1616 510 1676 in
520 1617 671 1696 praesidiis
683 1623 776 1689 erant,
787 1615 910 1696 pecunia
920 1623 1081 1697 temptare:
1093 1634 1215 1696 prorsus
1226 1615 1275 1676 ni-

175 1711 191 1760 2
211 1705 253 1766 hil
266 1705 411 1766 intactum
424 1719 522 1780 neque
536 1701 669 1781 quietum
680 1701 750 1781 pati,
762 1707 868 1762 cuncta
878 1701 996 1781 agitare.
1022 1701 1110 1780 igitur
1119 1703 1274 1781 Vagenses,
1298 1710 1337 1761 15

212 1809 272 1870 quo
292 1789 424 1850 Metellus
444 1787 527 1847 initio
546 1787 685 1866 Iugurtha
703 1786 874 1866 pacificante
894 1786 1073 1866 praesidium
1092 1786 1273 1866 inposuerat,

211 1874 322 1954 fatigati
343 1873 419 1952 regis
439 1871 588 1951 suppliciis
607 1889 704 1950 neque
723 1878 808 1932 antea
820 1871 972 1932 voluntate
986 1870 1111 1943 alienati,
1127 1871 1274 1950 principes

211 1958 334 2020 civitatis
348 1957 426 2018 inter
439 1976 471 2018 se
488 1956 651 2018 coniurant
682 1975 752 2018 nam
767 1957 883 2036 volgus,
905 1957 949 2017 uti
963 1956 1138 2035 plerumque
1152 1956 1229 2016 solet
1243 1963 1275 2015 et

211 2063 350 2105 maxume
365 2042 569 2112 Numidarum,
584 2040 699 2120 ingenio
714 2041 815 2102 mobili
826 2041 1000 2102 seditiosum
1011 2049 1100 2121 atque
1111 2039 1276 2102 discordio-

212 2147 280 2189 sum
303 2135 379 2198 erat,
402 2126 541 2205 cupidum
562 2143 706 2186 novarum
726 2145 841 2198 rerum,
863 2126 955 2206 quieti
974 2134 1004 2186 et
1023 2127 1082 2187 otio
1103 2125 1273 2187 advorsum.
1294 2131 1333 2184 20
1425 2159 1426 2212 p

211 2213 280 2273 dein
294 2211 456 2291 conpositis
469 2210 547 2271 inter
559 2229 591 2271 se
606 2210 694 2271 rebus
709 2210 741 2270 in
755 2211 834 2272 diem
848 2211 969 2272 tertium
984 2211 1179 2284 constituunt,
1195 2210 1276 2290 quod

210 2297 236 2358 is
255 2296 350 2358 festus
370 2295 601 2373 celebratusque·
612 2313 666 2374 per
684 2313 805 2356 omnem
817 2295 951 2358 ,Africam
965 2296 1068 2360 ludum
1083 2303 1112 2357 et
1126 2295 1274 2356 lasciviam

174 2393 189 2444 e
210 2381 304 2460 magis
319 2399 408 2460 qnam
422 2378 612 2440 formidinem
627 2380 800 2442 ostentabat.
832 2381 884 2442 sed
895 2381 946 2442 ubi
956 2389 1076 2461 tempus
1085 2381 1152 2453 luit,
1168 2387 1274 2441 centu-

209 2467 308 2528 riones
322 2465 517 2543 tribunosque
532 2463 666 2524 militaris
681 2471 711 2526 et
725 2464 824 2544 ipsum
838 2466 1019 2545 praefectum
1036 2465 1136 2545 oppidi
1146 2465 1179 2524 Τ.
1195 2465 1273 2524 Tur-

208 2551 313 2632 pilium
329 2550 460 2612 Silanum
473 2548 546 2610 alius
557 2548 648 2610 alium
659 2549 765 2610 domos
776 2567 844 2611 suas
854 2550 988 2612 invitant.
1013 2569 1066 2612 eos
1077 2549 1175 2612 omnis
1185 2567 1273 2629 prae·
1289 2555 1334 2613 25

209 2645 256 2698 ter
269 2636 423 2716 Turpilum
437 2634 515 2694 inter
527 2635 628 2713 epulas
641 2633 829 2696 obtruncant.
855 2641 958 2715 postea
968 2635 1077 2696 milites
1086 2634 1211 2714 palantis
1224 2634 1274 2696 iu-

173 2737 189 2786 4
209 2739 323 2793 ermos,
346 2721 454 2799 quippe
477 2719 509 2778 in
527 2719 577 2780 tali
597 2719 643 2780 die
659 2738 693 2782 ac
706 2719 770 2780 sine
784 2720 924 2799 imperio,
947 2719 1163 2800 aggrediuntur.
1193 2719 1272 2780 idem

208 2807 306 2886 plebes
320 2805 398 2877 facit,
414 2821 483 2884 pars
497 2804 594 2865 edocti
608 2804 644 2865 ab
656 2805 818 2878 nobilitate,
833 2805 880 2866 alii
891 2805 989 2867 studio
999 2805 1103 2866 talium
1114 2823 1215 2866 rerum
1225 2805 1274 2864 in-

209 2892 302 2963 citati,
325 2891 391 2969 quis
413 2896 476 2950 acta
496 2887 710 2968 consiliumque
725 2889 927 2969 ignorantibus
941 2890 1086 2952 tumultus
1100 2889 1164 2970 ipse
1180 2896 1210 2950 et
1222 2907 1270 2950 res

145 2981 187 3042 ⁰7
207 2993 302 3036 novae
320 2974 391 3035 satis
411 2973 573 3051 placebant.
603 2973 730 3034 Romani
750 2973 874 3047 milites,
897 2976 1046 3054 inproviso
1068 2982 1151 3035 metu
1166 2973 1272 3036 incerti
1293 2977 1330 3032 ³⁰

206 3059 356 3138 ignarique
372 3057 441 3136 quid
456 3057 655 3136 potissumum
669 3057 809 3131 facerent,
823 3059 979 3140 trepidare.
1007 3077 1073 3122 arce
1091 3059 1204 3139 oppidi,
1219 3058 1272 3120 ubi

207 3145 290 3224 signa
300 3149 330 3204 et
341 3149 423 3204 scuta
434 3149 528 3214 erant,
543 3141 723 3220 praesidium
733 3143 875 3218 hostium,
886 3152 989 3224 portae
1000 3152 1068 3206 ante
1080 3145 1193 3205 clausae
1203 3144 1273 3223 fuga

206 3227 410 3308 prohibebant.
439 3226 476 3288 ad
496 3227 553 3286 boc
572 3226 718 3288 mulieres
729 3229 871 3308 puerique
890 3229 1051 3309 protectis
1071 3228 1270 3291 aedificiorum

170 3329 186 3380 2
207 3331 276 3376 saxa
290 3321 321 3375 et
336 3311 390 3383 alia
405 3328 479 3390 quae
493 3312 577 3372 locus
588 3311 745 3391 praebebat
756 3314 889 3376 certatim
902 3315 1029 3376 mittere.
1056 3313 1097 3375 ita
1107 3330 1205 3394 neque
1220 3333 1271 3374 oa·

112 3398 115 3404 '
206 3399 266 3460 veri
285 3415 392 3478 anceps
415 3397 526 3458 malum
539 3413 637 3476 neque
653 3414 668 3456 a
683 3397 864 3460 fortissumis
877 3399 1088 3462 infirmissumo
1104 3398 1204 3479 generi
1218 3417 1268 3460 re·
1289 3402 1325 3454 35

205 3483 271 3544 sisti
284 3500 388 3564 posse:
410 3481 490 3543 iuxta
504 3481 575 3543 boni
590 3481 718 3562 malique
732 3483 845 3544 strenui
859 3491 890 3545 et
905 3484 1026 3545 inbelles
1043 3483 1128 3544 inulti
1143 3483 1268 3544 obtrun-

169 3591 184 3642 3
205 3569 273 3630 cari.
303 3569 335 3630 in
348 3587 381 3629 ea
396 3572 477 3627 tanta
491 3566 647 3646 asperitate
663 3567 850 3629 saevissumis
864 3568 999 3629 Numidis
1014 3575 1044 3629 et
1058 3568 1166 3648 oppido
1180 3567 1269 3628 undi-

205 3671 263 3730 quc
278 3653 377 3714 clauso
391 3650 540 3730 Tmpilius
554 3651 720 3731 praefectus
735 3670 814 3714 unus
829 3672 865 3714 ex
876 3653 1015 3714 omnibus
1026 3651 1131 3714 Italicis
1142 3653 1269 3714 intactus

272 3815 289 3864 4
309 3816 377 3881 pacis
398 3828 455 3896 spes
478 3816 532 3878 (rel
547 3819 605 3883 spe)
625 3818 653 3883 0,
669 3819 757 3885 paucis
774 3819 928 3885 (capanei)
947 3833 991 3886 spe
1008 3821 1033 3871 P
1048 3817 1086 3888 115
1110 3825 1216 3888 poscant
1232 3835 1268 3869 ex

203 3889 312 3950 poscunt
323 3883 347 3933 P
357 3880 367 3950 ΙΙ
380 3883 396 3932 6
407 3884 467 3964 illis,
485 3885 572 3964 multis
589 3899 603 3935 a
620 3886 771 3937 mortalibus
789 3887 814 3937 P
826 3883 870 4005 ρ]
889 3889 1023 3954 petebatur
1035 3889 1059 3938 P
1075 3885 1131 3955 1122
1151 3886 1266 3937 celebra-

203 3953 286 4034 tisqpc
295 3951 325 4035 lu
336 3965 392 4018 rap.
406 3953 424 4016 1)
438 3949 483 4019 ΡΙΙ
497 3953 528 4001 25
546 3953 648 4003 silatum
659 3970 695 4004 ea
707 3953 814 4004 relatum
865 3953 952 4035 {lanas
968 3953 1138 4022 eoesnosl’l
1155 3953 1185 4004 ³1
1205 3969 1266 4033 arca

108 4067 110 4072 ’
204 4018 1087 4156 ililil‚²i⁰{b¹{ftdidiiibfal³iuss⁶iali¹¹³h⁰³⁸¹¹t‘W’
1105 4021 1164 4088 ‘¹¹⁸‘
1180 4023 1269 4088 ,aa
