2854 4678
470 345 513 396 DE
531 343 638 396 BELLO
656 343 859 398 luuuurntno
1154 349 1195 408 75

132 501 194 580 pati
208 499 350 561 Numidas
373 499 436 561 sine
455 499 586 561 tumultu
605 501 680 580 regie
700 499 846 580 proelium
868 499 970 560 visere.
1000 500 1040 561 ita
1060 500 1116 562 iliis
1130 505 1194 560 etu-
1216 509 1231 558 5

134 585 184 646 dio
205 601 330 646 suorum
344 585 489 646 adstrictis
510 592 631 665 repente
652 585 805 664 magnast
819 601 940 645 murum
955 585 1129 664 aggreditur.
1166 592 1196 645 et

134 671 194 730 iam
214 669 298 730 scalis
317 669 426 748 egressi
440 669 548 730 milites
562 689 654 750 prope
668 687 787 730 summa
800 676 952 748 ceperant,
973 688 1041 730 eum
1057 669 1195 750 oppidani

134 761 332 827 concurrunt,
352 754 463 834 lapides
483 753 579 833 ignem
601 755 655 815 alia
678 759 829 834 praeterea
848 754 907 814 tela
924 753 1069 834 ingerunt.
1099 754 1231 828 nosutjr

97 853 112 902 5
133 839 231 918 primo
246 839 396 912 resistere,
414 839 532 912 deinde,
548 839 599 900 nbi
613 853 690 913 unae
704 846 792 920 atque
807 837 914 900 alterae
929 839 1022 901 scalae
1037 839 1195 900 conminu-

132 931 196 997 tae,
219 924 517 1004 qui'supersteterant
532 923 640 985 adilieti
654 931 738 996 suut,
761 923 850 984 ceteri
865 942 984 1002 quoquo
999 924 1090 986 modo
1104 931 1194 1004 potu-

134 1027 200 1082 ere,
222 1009 308 1088 pauci
322 1009 429 1088 integri
452 1025 556 1088 magna
571 1027 637 1088 pars
657 1008 825 1070 volneribus
846 1009 972 1070 coniecti
992 1007 1110 1070 abeunt.
1141 1010 1231 1072 dee

133 1093 226 1172 nique
237 1094 388 1173 utrimque
402 1093 547 1173 proelium
562 1111 622 1170 nor
636 1092 762 1154 diremit.

201 1177 352 1252 ,Metellus
371 1185 530 1258 postquam
544 1178 622 1239 videt
634 1178 744 1239 trustra
758 1178 925 1257 inceptum,
942 1195 1038 1257 neque
1053 1177 1196 1257 oppidum
1215 1175 1256 1238 el

80 1275 112 1326 1⁰
134 1263 199 1342 capi
223 1281 320 1342 neque
340 1263 510 1344 Iugurtham
531 1263 589 1323 nisi
610 1281 646 1323 ex
661 1263 774 1324 insidiis
789 1271 840 1324 aut
854 1281 909 1324 suo
924 1263 990 1324 loco
1005 1280 1134 1342 pugnam
1149 1263 1194 1324 ia-

133 1365 200 1410 cere
220 1347 328 1410 etiam
348 1355 491 1410 aestatem
511 1354 644 1408 exactam
664 1367 744 1420 esse,
766 1347 805 1408 ab
817 1347 906 1408 Zama
927 1347 1049 1409 discedit
1063 1355 1093 1408 et
1108 1349 1138 1408 in
1153 1348 1195 1408 eis

133 1433 272 1505 urbibus,
289 1451 363 1511 qaae
379 1433 462 1494 adse
480 1433 647 1494 deiecerant
661 1433 790 1512 satisque
806 1432 938 1494 munitae
958 1433 1022 1494 loco
1043 1439 1094 1494 aut
1108 1452 1193 1494 moe-

132 1517 221 1578 nibus
236 1525 330 1590 erant‚
345 1517 488 1597 praesidia
498 1517 622 1597 inponit.
646 1525 778 1579 ceterum
789 1517 951 1579 exereitum
962 1517 993 1578 in
1003 1517 1193 1598 provinciam,
1214 1527 1230 1578 2

134 1621 210 1681 quae
229 1621 376 1682 proxuma
395 1610 439 1664 est
454 1602 622 1675 Numidiae,
644 1602 794 1664 hiemandi
814 1602 905 1682 gratia
925 1603 1067 1664 conlocat.
1097 1621 1194 1683 neque
1216 1613 1231 1662 3

81 1699 113 1750 15
133 1687 165 1748 id
188 1695 308 1766 tempus
334 1707 370 1748 ex
395 1687 519 1748 aliorum
538 1707 622 1748 more
642 1688 733 1768 quieti
754 1694 805 1748 aut
823 1687 954 1748 luxuriae
974 1688 1121 1757 coneedit,
1142 1689 1195 1748 sed

133 1773 275 1851 quoniam
290 1773 380 1834 armis
395 1772 505 1834 bellum
520 1791 626 1852 parum
640 1773 830 1852 procedebat,
847 1769 965 1834 insidias
980 1773 1040 1852 regi
1054 1791 1108 1852 per
1119 1774 1193 1833 ami-

132 1875 185 1918 cos
207 1857 329 1918 tendere
351 1865 382 1918 et
401 1875 506 1918 eorum
524 1857 647 1936 perfidia
667 1877 722 1937 pro
741 1857 830 1917 annis
852 1857 897 1918 uti
910 1864 1002 1936 parat.
1032 1857 1121 1936 igitur
1134 1857 1194 1918 Ro·
1215 1871 1231 1919 t

133 1941 300 2015 mirarem,
317 1943 368 2021 qui
382 1941 493 2004 Romae
509 1961 576 2004 oum
592 1942 731 2021 iugurtha
745 1943 842 2003 iuerat
856 1949 886 2002 et
899 1941 967 2002 inde
981 1942 1103 2003 vadibus
1118 1943 1193 2005 datis

133 2027 171 2087 de
185 2026 325 2088 Massivae
339 2045 411 2088 nece
425 2027 566 2089 iudicium
580 2027 709 2106 ingerat,
730 2027 810 2107 quod
824 2025 850 2088 ei
865 2045 919 2106 per
933 2045 1102 2088 maxumam
1118 2028 1194 2088 ami-

80 2111 233 2174 raciliam
267 2131 405 2174 maxuma
439 2113 521 2192 copia
550 2111 672 2174 fallundi
700 2119 775 2184 erat,
805 2111 906 2172 multis
936 2111 1193 2192 pollicitationibus

132 2197 307 2278 aggreditur.
337 2217 372 2258 ac
384 2197 481 2278 primo
502 2197 648 2258 eflicituti
667 2197 750 2257 adse
770 2197 967 2277 conloquendi
982 2197 1073 2276 gratia
1094 2198 1193 2259 occul·
1215 2209 1230 2258 5

131 2289 182 2361 tus
202 2281 313 2354 veniat,
335 2282 441 2344 deinde
459 2281 517 2342 fide
537 2281 618 2355 data,
639 2282 665 2342 si
679 2282 849 2361 lugurtbam
869 2283 966 2342 vivom
985 2289 1037 2342 aut
1056 2290 1209 2344 necatum.

132 2366 188 2427 sibi
210 2367 393 2440 tradidisset,
420 2368 486 2428 fore
505 2372 539 2426 ut
557 2367 597 2427 illi
616 2374 735 2428 senatus
755 2367 952 2446 inpunitatem
972 2373 1002 2427 et
1021 2386 1075 2428 sua
1094 2369 1194 2428 omnia

132 2453 320 2524 concederet,
345 2451 429 2513 iacile
449 2451 593 2513 Numidae
617 2452 774 2531 persuadet
792 2470 861 2512 cum
882 2451 997 2530 ingenio
1018 2453 1108 2512 iniido
1128 2459 1193 2512 tum

78 2544 110 2595 rt
132 2537 278 2598 metuenti
291 2553 338 2610 ne,
355 2537 380 2598 si
394 2556 452 2616 pax
466 2555 535 2598 cum
549 2535 690 2598 Romanis
704 2536 798 2609 fieret,
813 2535 876 2614 ipse
891 2553 944 2614 per
958 2536 1145 2597 condiciones
1157 2537 1194 2597 ad

130 2621 309 2702 supplicium
322 2621 496 2682 traderetur.
526 2621 565 2693 is,
582 2621 633 2682 ubi
646 2621 777 2700 primum
793 2627 994 2700 opportunum
1007 2619 1072 2692 fuit,
1089 2621 1192 2700 lugur-
1214 2621 1256 2682 62

130 2707 214 2768 tham
229 2706 349 2768 anxium
363 2725 398 2767 ae
411 2706 604 2768 miserantem
618 2705 752 2766 fortums
767 2723 835 2766 suas
847 2703 969 2766 adsedit.
993 2711 1095 2766 monet
1105 2712 1193 2784 atque

132 2791 300 2852 lacrumans
321 2791 486 2852 obtestatur
504 2790 548 2851 uti
568 2790 724 2870 aliquando
745 2789 801 2850 sibi
820 2789 977 2868 liberisque
992 2797 1022 2850 et
1036 2789 1115 2869 genti
1130 2790 1192 2850 Nu-

132 2875 281 2938 midarum
293 2883 414 2956 optume
430 2876 552 2938 meritae
562 2875 722 2955 provideat,
736 2874 874 2934 omnibus
885 2873 1003 2954 proeliis
1014 2893 1079 2934 sese
1090 2875 1192 2946 victos,

79 2969 113 3019 55
134 2980 237 3041 agrum
251 2967 407 3034 vastatum,
424 2961 534 3022 multos
550 2960 682 3022 mortalis
697 2965 798 3038 captos
810 2959 932 3032 occisos,
945 2960 1026 3038 regni
1039 2978 1109 3038 opes
1121 2976 1193 3022 con-

133 3047 263 3108 minutas
284 3065 361 3120 esse3
380 3047 452 3108 satis
474 3065 561 3125 saepe
576 3045 635 3106 iam
650 3052 680 3106 et
695 3045 835 3106 virtutem
850 3043 979 3105 militum
999 3051 1029 3104 et
1042 3045 1194 3106 fortunam

130 3138 323 3211 temptatam:
339 3139 438 3194 caveat
452 3147 490 3192 ne
504 3131 553 3192 illo
569 3137 725 3192 cunctante
740 3129 884 3190 Numidae
896 3129 950 3189 sibi
962 3129 1124 3191 consulant.
1147 3130 1194 3189 bis
1215 3139 1243 3202 2,

132 3223 222 3296 atque
240 3217 346 3277 talibus
369 3217 431 3278 aliis
445 3215 480 3277 ad
497 3214 677 3276 deditionem
691 3215 767 3294 regis
782 3215 915 3276 animum
930 3213 1051 3293 inpellit.
1067 3214 1192 3274 mittun·
1215 3221 1229 3270 3

131 3308 183 3362 tur
206 3301 243 3362 ad
267 3301 477 3380 imperatorem
497 3299 597 3380 legati,
621 3301 672 3379 qui
690 3300 863 3378 lugurtbam
883 3298 1025 3376 imperata
1044 3298 1192 3358 facturum
1282 3349 1283 3352 ,

79 3391 110 3442 tt
134 3385 267 3446 dicerent
287 3405 319 3446 ac
339 3385 401 3446 sine
415 3385 475 3447 ulla
489 3385 625 3464 pactione
641 3403 706 3446 sese
719 3401 901 3463 regnumque
916 3401 1005 3442 suurn
1019 3383 1050 3440 in
1064 3381 1141 3442 illius
1155 3383 1192 3442 fi-

134 3471 202 3531 dem
224 3470 349 3531 tradere.
378 3470 509 3530 Metellus
528 3487 654 3548 propere
673 3475 794 3529 cunctos
813 3465 952 3528 senatorii
970 3465 1079 3526 ordinis
1095 3485 1132 3526 ex
1145 3466 1192 3527 bi·
1214 3476 1231 3526 t

132 3555 231 3617 bernis
256 3553 366 3616 accersi
384 3555 480 3628 iubet,
502 3571 606 3615 eorum
621 3559 650 3613 et
666 3553 804 3625 aliorum,
826 3569 900 3631 quos
915 3551 1036 3612 idoneos
1057 3551 1190 3621 ducebat,

204 3741 215 3790 i
228 3740 282 3790 ibis
294 3753 309 3789 a
322 3739 405 3790 studio
419 3754 506 3790 eorum
517 3739 548 3803 P,
560 3753 627 3789 corr.
637 3754 656 3805 p
669 3735 679 3803 ΙΙ
692 3738 706 3786 'l
717 3737 810 3788 abeunt
821 3739 848 3786 in
858 3751 944 3801 marg.
956 3753 973 3803 p
987 3735 1043 3798 (sed
1053 3751 1069 3786 a
1080 3739 1192 3790 55555555

134 3805 454 3876 >¹¹
468 3801 1192 3940 55555555555

134 3878 333 4009 pirblbbimll’tilpit
343 3889 464 3991 hiemariiii
476 3957 512 3991 55
522 3912 623 3992 biemali
635 3943 659 3992 P
670 3939 680 4008 ΙΙ
695 3891 731 3992 liiJ
743 3943 808 3991 elam
817 3943 878 4008 post
888 3888 955 3990 itatis
968 3889 1117 3990 tuberone
1125 3941 1193 4008 (post

133 4027 194 4062 aree
206 4011 247 4061 ael
254 4013 316 4078 poet
331 4009 388 4058 inde
404 4009 527 4074 turguit),
544 4025 592 4059 om.
608 4006 652 4076 Pii
672 4009 702 4059 19
720 4010 750 4058 de
762 4025 813 4059 oms.
827 4007 849 4057 C
856 4007 998 4058 5555555555
1010 4003 1020 4074 ii
1033 4007 1065 4056 25
1084 4023 1114 4056 ne
1129 4009 1152 4058 si
1165 4008 1191 4070 O,

133 4079 181 4130 nisi
193 4077 246 4142 PC,
260 4078 282 4127 si
295 4074 336 4143 Oi}
350 4077 381 4126 29
399 4077 504 4126 meritae
518 4075 568 4138 ΡΟ,
580 4077 688 4126 merenti
701 4073 742 4143 Cu
755 4077 787 4126 37
805 4075 904 4126 accersi
914 4073 964 4136 PC,
976 4073 1099 4124 accersiri
1111 4074 1133 4126 C
