2846 4682
222 381 264 444 70
593 372 623 424 c.
634 369 792 425 succussi
810 369 912 428 cursu

222 551 261 594 ne
279 532 436 593 delicerent
449 547 509 590 neu
523 533 696 608 paterentur
709 525 804 588 hostis
817 525 956 604 ugientis
969 525 1102 597 vincere3
1116 540 1213 604 neque
1227 521 1285 584 illis

223 624 318 679 castra
332 632 396 676 esse
410 631 505 691 neque
521 613 740 674 munimentum
755 611 864 681 ullum,
886 628 946 688 quo
962 608 1098 670 cedentes
1113 608 1283 670 tenderent:
1402 621 1403 638 ²

186 723 202 774 s
223 702 254 764 in
278 697 369 761 annis
389 697 487 758 omnia
506 697 570 758 sita.
605 697 657 756 sed
679 714 717 756 ne
736 694 877 775 Iugurtha
897 693 1016 773 quidem
1037 693 1148 754 interea
1168 692 1286 771 quietus

223 791 300 846 erat:
317 783 471 844 circumire
489 780 616 852 hortari,
635 798 776 842 renovare
797 778 943 858 proelium
962 783 993 838 et
1006 777 1068 857 ipse
1083 795 1151 838 cum
1166 777 1286 838 delectis

222 875 368 949 temptare
383 865 491 940 omnia,
508 865 662 926 subvenire
673 865 743 937 suis,
758 863 893 925 hostibus
904 863 1000 924 dubiis
1011 863 1130 934 instare,
1146 881 1222 941 quos
1233 863 1286 923 lir-
1306 872 1322 922 5

160 967 203 1028 52
224 973 292 1015 mos
313 959 488 1032 cognoverat
508 950 625 1011 eminus
645 949 802 1029 pugnando
821 948 957 1010 retinere.
992 965 1028 1008 eo
1048 946 1137 1008 modo
1158 947 1237 1008 inter
1254 965 1288 1007 se

224 1037 283 1100 duo
298 1037 489 1118 imperatores
500 1033 610 1096 summi
621 1034 675 1094 viri
686 1033 844 1106 certabant,
860 1033 916 1112 ipsi
926 1050 1021 1112 pares,
1039 1038 1167 1093 ceterum
1181 1031 1287 1112 opibus

186 1142 202 1192 2
223 1121 397 1202 disparibus.
427 1139 497 1182 nam
511 1118 626 1179 Metello
641 1118 734 1179 virtus
749 1119 874 1179 militum
887 1125 958 1189 erat,
974 1116 1056 1178 locus
1068 1115 1219 1189 advorsus,
1236 1116 1288 1177 lu-

186 1224 202 1274 a
223 1208 347 1287 gurtbae
366 1205 419 1266 alia
435 1203 534 1264 omnia
548 1210 666 1283 praeter
679 1203 787 1263 milites
803 1209 977 1282 opportuna.
1008 1201 1134 1280 denique
1148 1201 1286 1273 Romani,

222 1291 274 1352 ubi
287 1289 459 1368 intellegunt
472 1305 569 1367 neque
583 1287 639 1348 sibi
653 1287 820 1366 perfugium
835 1306 898 1348 esse
913 1304 1010 1366 neque
1024 1286 1059 1346 ab
1074 1286 1160 1346 hoste
1169 1285 1288 1366 copiam
1310 1293 1340 1344 10

223 1373 372 1456 pugnandi
386 1373 449 1434 lieri
465 1407 506 1418 -
519 1380 549 1433 et
564 1372 623 1432 iam
638 1372 684 1432 die
700 1390 804 1452 vesper
818 1379 880 1433 erat
893 1405 938 1416 —-
951 1371 1077 1432 advorso
1096 1369 1183 1443 colle,
1201 1370 1289 1432 sicuti
1404 1401 1405 1404 ¹

187 1482 204 1532 4
223 1466 413 1540 praeceptum
423 1457 528 1530 fuerat,
544 1457 678 1518 eradunt.
703 1457 812 1518 amisso
827 1457 893 1518 loco
903 1455 1047 1518 Numidae
1056 1455 1115 1516 fusi
1125 1455 1287 1535 fugatique.

223 1544 311 1624 pauci
329 1543 478 1615 interiere,
500 1542 658 1622 plerosque
678 1543 816 1604 velocitas
835 1548 865 1602 et
878 1541 958 1621 regio
973 1540 1109 1602 hostibus
1123 1541 1223 1620 ignara
1237 1547 1287 1601 tu-

223 1636 286 1690 tata
299 1635 379 1688 sunt.

188 1737 204 1786 5
310 1713 423 1773 interea
438 1711 597 1783 Bomilcar,
617 1729 706 1790 quem
722 1699 885 1789 elephantis
900 1716 930 1770 ct
943 1710 1018 1789 parti
1033 1711 1183 1789 copiarum
1195 1709 1288 1790 pede-
1310 1717 1339 1766 te

225 1797 331 1859 strium
345 1797 529 1876 praefectum
543 1795 579 1856 ab
594 1795 734 1874 iugurtha
748 1812 837 1874 supra
852 1794 992 1867 diximus,
1008 1794 1059 1855 ubi
1074 1813 1143 1854 eum
1158 1794 1288 1855 Rutilius

224 1889 456 1962 praetergressus
476 1887 535 1952 est,
559 1879 701 1960 paulatim
719 1897 790 1940 suos
809 1879 840 1938 in
855 1897 981 1958 aequom
1001 1877 1099 1940 locum
1115 1879 1233 1940 deducit
1253 1897 1288 1941 ac

225 1965 298 2028 dum
311 1966 424 2044 legatus
443 1964 480 2024 ad
499 1965 625 2036 mimen,
647 1983 707 2044 quo
727 1963 907 2043 praemissus
921 1971 998 2037 erat,
1021 1964 1165 2025 festinans
1178 1965 1286 2044 pergit,

226 2051 358 2130 quietus,
379 2049 423 2110 uti
437 2067 484 2110 res
499 2048 681 2128 postulabat,
700 2049 791 2108 aciem
806 2055 943 2122 exornat,
964 2061 1061 2128 neque
1076 2049 1200 2110 remittit
1214 2049 1288 2128 quid

189 2149 205 2198 e
229 2135 339 2214 ubique
358 2133 452 2194 bostis
473 2139 571 2212 ageret
590 2133 749 2212 explorare.
778 2141 935 2212 postquam
955 2133 1099 2194 Rutilium
1118 2134 1288 2194 consedisse
1309 2143 1342 2194 2ο

230 2220 289 2280 iam
303 2226 333 2279 et
348 2219 447 2279 animo
462 2236 585 2278 vactrom
602 2217 713 2296 accepit
726 2216 873 2296 simulque
889 2236 924 2277 ex
938 2216 1094 2296 Iugurthae
1104 2217 1216 2298 proelio
1227 2218 1288 2278 cla-

226 2321 341 2364 morem
366 2303 479 2382 augeri,
499 2302 610 2363 veritus
631 2319 668 2362 ne
688 2302 801 2382 legatus
821 2303 935 2382 cognita
955 2319 987 2364 re
1006 2302 1205 2364 laborantibus
1224 2303 1288 2364 suis

226 2387 332 2450 auxilio
351 2387 443 2458 loret,
464 2387 556 2447 aciem
579 2405 668 2466 quam
689 2386 826 2448 diffidens
840 2387 941 2448 virtuti
956 2387 1083 2448 militum
1098 2395 1160 2448 arte
1173 2395 1289 2449 statue-

225 2479 286 2545 rat,
303 2491 362 2551 qno
376 2471 508 2532 bostium
522 2471 620 2532 itineri
635 2472 781 2544 officeret,
798 2470 885 2532 latius
899 2471 1021 2551 porrigit
1036 2491 1131 2552 eoque
1146 2472 1235 2533 modo
1250 2473 1288 2534 ad

165 2563 207 2626 53
228 2557 319 2618 Rutili
340 2564 433 2618 castra
453 2557 594 2636 procedit.
625 2556 752 2618 Romani
771 2575 806 2625 ex
822 2556 972 2636 inproviso
985 2557 1114 2636 pulveris
1128 2557 1187 2617 vim
1203 2575 1287 2637 mag·
1309 2563 1340 2614 2⁵
1407 2621 1408 2644 1

226 2659 296 2703 nam
323 2641 576 2702 animadvertunt:
605 2658 675 2702 nam
700 2649 890 2722 prospectum
916 2660 986 2720 ager
1008 2641 1135 2703 arbustis
1155 2642 1290 2704 consitus
1407 2647 1408 2656 ’

226 2726 408 2806 prohibebat.
431 2732 462 2786 et
476 2725 572 2805 primo
587 2726 643 2787 rati
657 2727 784 2787 humum
799 2725 911 2788 aridam
925 2733 1013 2788 vento
1028 2727 1138 2806 agitari,
1154 2733 1223 2806 post
1236 2727 1289 2788 ubi

227 2811 410 2890 aequabilem
425 2829 546 2878 manere
562 2817 608 2883 et,
630 2811 716 2872 sicuti
731 2811 807 2872 acies
822 2811 1010 2884 movebatur,
1027 2812 1119 2892 magis
1134 2812 1288 2892 magisque

226 2894 459 2973 adpropinquare
481 2894 594 2967 vident,
614 2897 731 2974 cognita
750 2915 782 2956 re
801 2904 992 2975 properantes
1014 2915 1096 2958 arma
1114 2897 1233 2976 capiunt
1254 2916 1291 2958 ae

189 2990 206 3040 2
227 2995 281 3056 pro
296 2978 407 3048 castris,
424 2978 509 3038 sicuti
523 2979 736 3058 imperabatur,
758 2980 933 3042 consistunt.
964 2980 1081 3053 deinde,
1101 2981 1151 3043 ubi
1165 2982 1289 3062 propius
1309 2987 1341 3037 30

191 3067 349 3126 arentum
372 3068 432 3132 est,
461 3061 610 3141 utrimque
636 3081 742 3144 magno
766 3065 893 3126 clamore
915 3066 1108 3127 concurritur.
1129 3067 1289 3129 -Numidae

226 3152 344 3206 tantum
358 3145 447 3205 modo
462 3147 611 3220 remorati,
627 3148 697 3210 dum
709 3149 741 3210 in
751 3149 912 3230 elephantis
923 3151 1063 3212 auxilium
1075 3159 1189 3230 putant,
1202 3159 1287 3232 post·

228 3247 318 3309 quam
332 3247 384 3290 eos
399 3229 545 3308 inpeditos
560 3233 650 3294 ramis
665 3234 804 3296 arborum
820 3243 908 3316 atque
922 3237 961 3296 ita
973 3236 1111 3296 disiectos
1123 3236 1288 3298 circumre-

226 3313 284 3375 niri
303 3313 415 3386 vident,
435 3314 534 3394 lugam
557 3317 668 3380 faciunt
688 3339 722 3381 ac
741 3320 873 3401 plerique
895 3321 1014 3382 abiectis
1032 3321 1122 3381 armis
1137 3321 1220 3382 collis
1234 3332 1288 3384 aut
1407 3349 1408 3370 1

189 3413 207 3464 4
226 3399 322 3460 noctis
339 3417 413 3478 quae
429 3399 487 3461 iam
502 3402 602 3463 aderat
616 3405 723 3466 auxilio
731 3405 836 3484 integri
847 3405 964 3466 abeunt.
986 3406 1135 3484 elephanti
1146 3413 1288 3486 quattuor
1307 3409 1339 3460 35

191 3495 207 3545 5
228 3483 319 3562 capti,
336 3485 441 3564 reliqui
456 3503 561 3547 omnes
576 3505 700 3550 numero
716 3489 904 3570 quadraginta
918 3490 1073 3551 interfecti.
1106 3498 1135 3551 at
1149 3491 1285 3564 Romani,

228 3585 408 3648 quamquam
428 3569 533 3631 itinere
553 3579 640 3650 atque
661 3593 749 3652 opere
769 3581 934 3636 castrorum
948 3582 978 3635 et
992 3575 1104 3654 proelio
1118 3575 1187 3636 lessi
1201 3577 1285 3638 lassi-

228 3669 286 3729 que
306 3661 403 3724 erant‚
425 3660 539 3727 tamen,
560 3657 640 3735 quod
654 3657 785 3718 Metellus
804 3659 929 3738 amplius
950 3659 1088 3739 opinione
1104 3661 1283 3733 morabatur,

191 3746 207 3797 6
228 3734 364 3796 instructi
384 3737 546 3818 intentique
566 3740 681 3800 obviam
699 3743 871 3819 procedunt.
906 3762 976 3805 nam
991 3743 1076 3804 dolus
1091 3745 1286 3807 Numidarum

298 3956 326 4005 11
350 3955 389 4006 die
402 3955 451 4020 ΡΟ,
464 3956 513 4006 diei
528 3954 567 4025 01
583 3956 612 4006 12
631 3955 714 4008 fuerat
725 3957 775 4025 PC,
788 3967 843 4010 erat
856 3959 897 4028 0ss
911 3963 941 4012 13
963 3963 1097 4030 plerosque
1112 3963 1139 4027 C,
1150 3965 1286 4032 pluresque

229 4021 275 4073 PC
288 4020 298 4091 1
316 4023 349 4074 24
366 4023 451 4075 itineri
461 4040 498 4074 eu
513 4025 643 4075 itinereP
658 4023 668 4094 1
686 4027 719 4076 26
736 4028 937 4080 animaduerterit
948 4047 983 4081 ecc
994 4031 1173 4083 animaduertit
1184 4035 1208 4084 P
1224 4031 1234 4102 Ι
1252 4033 1284 4084 37

227 4091 339 4157 lassique
351 4109 373 4155 s,
385 4093 494 4159 laetique
505 4092 557 4158 PC,
569 4093 679 4161 laetique
691 4095 799 4146 uictoria
810 4095 955 4148 Dretscbr'us
