2854 4678
475 356 517 405 nn
536 355 641 407 annno
660 351 866 407 rucunrnmo
1163 361 1201 422 81

139 517 225 591 parat
245 510 434 589 festinatque.
466 507 589 572 Marium
608 511 780 590 fatigantem
802 511 837 570 de
853 508 1050 589 profectione,
1073 512 1161 574 simul
1176 521 1242 578 515

140 597 269 656 15511515
285 601 315 654 51
330 596 475 656 offensum
490 595 546 655 sibi
559 613 664 673 parum
679 595 820 656 idoneum
834 601 924 665 ratus,
941 596 1064 656 domum
1075 596 1204 656 dimittit.

141 689 173 742 et
183 682 296 741 Romae
311 679 411 758 plebes
426 680 546 751 litteris,
563 699 637 759 quae
654 680 689 740 de
705 679 820 740 Metello
835 699 869 740 ao
883 679 973 739 Mario
988 681 1095 741 missae
1111 690 1204 753 erant,
1227 691 1242 738 3

142 765 267 844 cognitis
282 764 392 825 volenti
406 765 505 825 animo
520 765 555 825 de
568 765 711 825 ambobus
726 772 906 843 acceperant.
934 764 1104 842 imperatori
1118 766 1205 826 nobi·
1227 775 1242 823 4

104 865 119 912 5
141 851 217 921 litas,
235 868 310 928 quac
326 857 410 908 antea
423 849 521 910 decori
532 850 597 921 fuit,
613 849 737 909 invidiae
750 868 821 920 esse,
838 856 867 908 at
878 849 918 908 illi
929 849 1012 910 alteri
1023 851 1136 927 generis
1148 851 1206 911 hu-

143 935 253 996 militas
268 935 398 994 favorem
414 934 572 994 addiderat.
603 942 733 994 ceterum
749 935 780 994 15
791 941 918 1012 utroque
929 934 1021 1012 magis
1030 934 1126 995 studia
1137 954 1205 1014 par-

142 1021 219 1080 tium
235 1037 325 1097 quam
341 1019 417 1079 bona
432 1026 482 1079 aut
498 1019 574 1080 mala
587 1038 640 1079 sua
654 1019 814 1079 moderata.
840 1025 990 1096 praeterea
1000 1019 1131 1078 seditiosi
1142 1038 1206 1079 ma·
1228 1029 1242 1076 5

110 1135 113 1141 ,
141 1105 282 1183 gistratus
297 1102 413 1182 volgum
429 1103 582 1182 exagitare,
598 1103 746 1164 Metellum
760 1102 896 1164 omnibus
908 1102 1093 1164 contionibus
1104 1105 1206 1182 capitis

144 1207 305 1258 arcessere,
327 1187 400 1246 Mari
413 1188 551 1248 virtutem
568 1188 599 1247 in
614 1189 708 1248 maius
723 1188 880 1249 celebrare.
910 1187 1036 1266 denique
1051 1187 1149 1266 plebes
1165 1189 1206 1248 sic
1227 1199 1243 1245 11

89 1285 122 1333 15
145 1291 281 1343 accensa,
299 1272 342 1332 uti
359 1273 477 1351 opifices
493 1279 680 1351 agrestesque
696 1291 808 1344 omnes,
825 1290 952 1350 quorum
967 1289 1014 1332 res
1030 1272 1160 1351 fidesque
1176 1273 1207 1332 15

144 1357 282 1418 manibus
303 1357 375 1416 sitae
398 1364 494 1428 erant,
515 1357 623 1417 relictis
644 1357 782 1436 operibus
801 1358 1022 1435 frequentarent
1037 1356 1161 1417 Marium
1177 1365 1207 1416 et

144 1462 198 1502 sua
220 1442 382 1502 necessaria
405 1448 472 1519 post
487 1441 563 1501 illius
578 1442 722 1502 honorem
738 1443 887 1502 ducerent.
918 1441 958 1500 ita
973 1442 1105 1519 perculsa
1120 1442 1205 1501 nobi·
1228 1451 1242 1498 1

145 1527 226 1587 litate
242 1533 309 1604 post
324 1526 432 1586 multas
444 1533 634 1604 tempestates
646 1543 722 1586 novo
734 1526 848 1586 homini
860 1525 1027 1585 consulatus
1039 1526 1204 1586 mandatur.

145 1619 175 1671 et
195 1617 299 1690 postea
318 1611 445 1689 populus
465 1630 481 1669 a
501 1611 620 1670 tribuno
641 1610 733 1689 plebis
754 1611 786 1668 T.
805 1609 910 1669 Manlio
933 1609 1066 1670 Mancino
1087 1618 1206 1687 rogatus
1299 1644 1302 1653 ·

92 1705 124 1752 15
147 1715 235 1774 quem
251 1696 336 1755 vellet
348 1713 415 1755 cum
428 1695 567 1773 iugurtha
577 1695 686 1754 bellum
698 1713 807 1772 gerere,
823 1695 962 1772 frequens
974 1693 1098 1754 Marium
1109 1695 1204 1754 iussit.

146 1781 197 1840 sed
212 1780 299 1858 paulo
317 1824 397 1839 ......
415 1779 596 1840 decreverat:
614 1798 647 1838 ea
662 1798 709 1839 res
723 1779 833 1838 frustra
847 1779 912 1838 fuit.
1008 1848 1009 1852 ¹

231 1863 343 1924 Eodem
359 1871 492 1944 tempore
507 1864 646 1942 Iugurtha
658 1863 774 1923 amissis
785 1863 895 1935 amicis,
912 1881 1040 1940 quorum
1051 1863 1206 1941 plerosque
1228 1862 1268 1922 74

147 1950 207 2027 ipse
229 1955 398 2019 necaverat,
421 1948 510 2008 ceteri
524 1948 681 2008 formidine
696 1966 763 2026 pars
779 1948 815 2008 ad
830 1947 978 2008 Romanos
994 1946 1040 2007 alii
1056 1947 1092 2006 ad
1107 1965 1206 2025 regem

146 2033 296 2093 bocchum
318 2033 521 2111 profugerant,
545 2051 613 2092 cum
632 2050 727 2111 neque
748 2032 858 2092 bellum
872 2031 933 2109 geri
947 2031 1010 2090 sine
1025 2031 1206 2091 administris

91 2131 125 2178 20
147 2125 247 2196 posset
261 2124 290 2176 51
305 2135 449 2177 novorum
466 2117 554 2176 fidem
569 2117 600 2176 in
615 2123 696 2178 tanta
711 2116 832 2195 perfidia
846 2123 977 2176 veterum
994 2116 1117 2194 experiri
1128 2116 1207 2194 peri-

147 2202 281 2264 culosum
297 2202 430 2272 duceret,
447 2201 543 2262 varius
558 2201 746 2280 incertusque
761 2201 894 2280 agitabat.
925 2218 1021 2278 neque
1036 2200 1077 2259 1111
1091 2218 1138 2261 555
1153 2219 1207 2260 55-

149 2305 204 2364 que
217 2286 371 2360 consilium
383 2293 433 2346 aut
445 2286 601 2365 quisquam
612 2287 768 2347 hominum
779 2286 849 2346 satis
859 2285 998 2364 placebat.
1011 2285 1115 2346 itinera
1122 2304 1208 2364 prae·

148 2372 299 2448 factosque
320 2371 351 2431 in
373 2371 434 2430 dies
454 2377 584 2442 mutare,
607 2371 696 2430 modo
712 2372 868 2430 advorsum
883 2370 990 2440 hostis,
1013 2369 1162 2430 interdum
1178 2370 1208 2429 in

148 2456 320 2515 solitudines
341 2473 475 2534 pergere,
496 2473 583 2534 saepe
605 2455 635 2513 in
653 2455 722 2534 fuga
741 2474 774 2528 55
791 2462 858 2532 post
873 2454 959 2531 paulo
975 2455 1004 2512 15
1020 2454 1110 2514 551515
1124 2473 1206 2532 spem

95 2549 128 2597 25
149 2539 270 2610 babere,
293 2539 426 2600 dubitare
443 2540 543 2599 virtuti
558 2557 595 2600 an
610 2537 676 2598 fidei
690 2539 877 2617 popularium
892 2538 990 2597 minus
1006 2538 1151 2598 crederet:
1168 2538 1208 2597 ita

150 2643 337 2702 quocumque
357 2624 521 2684 intenderat
540 2642 588 2683 res
607 2623 745 2684 advorsae
765 2629 857 2683 erant.
888 2622 939 2681 sed
954 2621 1094 2681 intereas
1110 2639 1208 2681 moras
1230 2633 1245 2681 2

148 2717 269 2787 repente
280 2727 344 2768 sese
352 2707 484 2770 Metellus
496 2727 564 2768 cum
576 2707 706 2767 exercitu
717 2706 854 2766 ostendit.
875 2705 1017 2765 Numidae
1025 2705 1062 2764 ab
1070 2705 1208 2782 iugurtha

149 2813 203 2871 pro
223 2801 357 2871 tempore
377 2792 471 2871 parati
490 2793 697 2870 instructique,
719 2791 787 2851 dein
807 2789 951 2868 proelium
974 2789 1120 2867 incipitur.
1151 2807 1209 2867 qua
1231 2799 1245 2845 3

149 2877 179 2936 15
193 2884 276 2956 parte
291 2895 343 2941 rex
357 2895 471 2956 pugnae
486 2877 591 2949 adfuit,
612 2876 652 2935 ibi
666 2875 846 2954 aliquamdiu
861 2881 1020 2945 certatum,
1043 2874 1132 2934 ceteri
1147 2874 1209 2934 eius

95 2974 130 3022 35
151 2981 254 3024 551555
275 2962 382 3022 milites
402 2963 498 3040 primo
515 2979 673 3039 congressu
688 2959 763 3038 pulsi
779 2959 938 3038 fugatique.
970 2958 1095 3019 Romani
1110 2958 1209 3037 signo-

219 3197 233 3245 2
253 3197 357 3246 inuitum
370 3195 420 3258 PC,
433 3196 574 3258 15515555,
590 3197 648 3262 pin
658 3210 744 3260 marg.
759 3191 768 3260 11
781 3193 885 3243 dimittit
897 3210 932 3242 eae
944 3193 1054 3242 dimittet
1063 3195 1087 3243 P
1097 3190 1107 3256 11
1121 3193 1208 3257 311115-

151 3265 195 3314 1155
212 3281 248 3314 55
268 3263 348 3330 plebis
365 3265 389 3313 P
405 3263 414 3328 11
433 3266 447 3314 5
466 3263 506 3312 1111
522 3280 557 3312 aaa
584 3263 629 3311 illa
645 3264 669 3312 P
680 3260 689 3329 11
708 3262 723 3310 8
746 3262 849 3324 uolgum
865 3263 900 3322 P,
917 3261 1019 3323 uulgum
1036 3260 1083 3310 PC
1096 3257 1105 3326 11
1124 3263 1230 3322 enagi-,

150 3341 205 3382 1555
218 3331 269 3396 PC,
283 3331 395 3381 excitare
410 3331 430 3381 C
445 3328 454 3397 11
472 3333 487 3381 9
505 3330 591 3396 plebes
605 3329 636 3392 0,
653 3330 724 3394 plebs
736 3327 783 3378 PC
797 3325 806 3396 11
828 3329 859 3377 10
877 3342 982 3376 5555555
999 3343 1034 3376 acc
1046 3339 1151 3376 accense
1171 3325 1211 3391 Ρ11

150 3400 310 3464 agrestisque
322 3401 345 3448 P
365 3397 374 3465 11
394 3398 422 3447 11
442 3405 517 3447 55551
528 3399 552 3448 P
568 3395 577 3462 11
590 3395 633 3456 fre
651 3396 852 3446 cantarenturP
868 3393 877 3459 11
893 3394 986 3471 1311155
999 3394 1022 3442 P
1038 3391 1208 3459 115555515155

150 3413 649 3530 1555115155555555515151555515111Ρ1
664 3464 695 3514 14
712 3471 732 3512 1.
746 3462 838 3512 1555115
852 3475 965 3510 mancino
978 3461 1008 3521 P,
1019 3473 1178 3526 praenomen
1190 3468 1209 3510 t.

148 3539 288 3602 practerea
299 3533 349 3583 duo
363 3532 479 3583 Ctenent
493 3531 542 3594 1551
551 3549 626 3594 unus,
641 3548 702 3580 acm
714 3547 749 3580 eae
760 3530 842 3580 altero
855 3545 877 3577 5.
890 3527 972 3578 tradit
986 3526 1141 3590 Gerlacbt'ua)
1160 3543 1209 3577 om.

152 3601 245 3667 reliqui
249 3617 258 3660 ,·
269 3599 358 3650 Gaium
371 3598 532 3650 5555510511.
546 3600 560 3648 7
574 3601 617 3663 161,
630 3599 670 3663 11,
682 3600 700 3647 2
711 3600 795 3648 Prisc.
807 3597 854 3646 vol.
867 3595 897 3646 ΙΙ
902 3612 929 3662 p.
940 3594 992 3644 382
1004 3593 1013 3662 11
1030 3595 1059 3644 15
1070 3594 1153 3658 iussit]
1167 3596 1211 3645 de-

153 3670 234 3720 creuit
242 3670 325 3718 uoluit
334 3686 354 3718 5.
365 3686 386 3717 5.
396 3684 413 3734 p
424 3667 432 3734 11
443 3668 473 3718 16
486 3669 531 3716 sed
539 3668 614 3732 paulo
624 3667 772 3716 decreuerat
784 3664 835 3725 PC,
844 3679 879 3713 eac
891 3679 905 3712 z
917 3666 1037 3729 optimae,
1053 3663 1097 3711 sad
1108 3670 1210 3714 senatus

152 3738 226 3802 paulo
241 3735 289 3796 1551
299 3736 372 3801 paulo
385 3736 466 3795 decio)
480 3736 627 3784 decreuerat
641 3733 825 3794 Materterae,
844 3748 870 3792 z,
888 3731 931 3780 sed
944 3731 1018 3795 paulo
1031 3736 1090 3780 anto
1107 3738 1210 3780 senatus

152 3805 257 3854 metello
271 3803 403 3854 numidiam
421 3803 570 3852 decreuerat
582 3801 635 3863 1551
650 3799 778 3862 similiter)
791 3815 819 3848 z.-
837 3797 867 3847 de
884 3800 923 3848 555
939 3814 1003 3862 quaa
1016 3797 1162 3849 5555151551
1173 3799 1209 3863 cf.

154 3871 330 3922 Manuneeame
338 3871 368 3920 H.
379 3869 410 3920 11.
420 3869 466 3918 col.
481 3870 520 3920 11⁴
530 3887 555 3936 p.
566 3868 616 3918 150
629 3865 638 3934 11
652 3869 684 3917 20
694 3867 805 3933 experiri
814 3882 850 3916 ec
859 3866 969 3931 expetiri
977 3867 1001 3916 P
1012 3864 1021 3934 11
1036 3867 1064 3914 21
1079 3864 1213 3930 deduceret

153 3941 177 3990 P
188 3939 197 4004 11
210 3939 299 3988 uarius
313 3937 338 4001 C,
351 3953 430 3987 uanus
442 3937 485 3987 PC
492 3937 500 4003 11
514 3938 545 3986 22
563 3935 689 3986 homnium
697 3937 728 3996 P,
737 3935 872 3984 hominium
878 3950 905 4000 p,
920 3933 1044 3983 hominum
1055 3931 1213 3982 calomniam

155 4006 176 4056 C
185 4005 195 4074 11
220 4006 336 4072 placebat
347 4005 502 4070 explanabit
514 4006 537 4054 P
548 4001 558 4070 1
571 4003 603 4052 23
622 3998 821 4068 5151555Ρ1125
840 4001 885 4063 an]
902 4016 932 4050 ac
944 3997 987 4066 Ρ1
1002 4000 1057 4048 fidei
1071 3998 1120 4055 PC,
1133 3997 1217 4048 lideC

153 4073 205 4139 1126
225 4088 310 4123 moras
323 4089 359 4122 55
370 4086 454 4122 mores
467 4073 491 4121 P

211 4157 342 4198 Sallustius.
