2846 4682
237 378 278 440 22
606 373 632 424 c.
647 371 805 426 sannusrr
823 370 924 422 cnrsrr

175 533 216 594 40
236 531 325 611 igitur
339 531 372 591 P.
388 529 538 591 Umbreno
553 529 669 590 cuidam
683 529 836 608 negotium
850 527 909 600 dat,
924 503 1092 607 uti⁴legatos
1103 527 1291 609 Allobrogum

235 615 366 696 requirat
384 631 510 695 eosque,
531 614 685 694 sipossit‚
706 614 826 693 inpellat
839 613 876 674 ad
890 612 1060 674 societatem
1075 612 1156 685 belli,
1178 614 1291 675 existu-

235 718 320 765 mans
334 700 448 780 publice
463 700 657 780 privatimque
672 717 738 768 aere
753 699 848 760 alieno
864 699 1029 778 obpressos,
1040 706 1199 777 praeterea,
1210 699 1292 779 quod

234 793 339 850 natura
356 801 429 866 gens
445 785 551 846 Gallica
571 783 709 846 bellicosa
727 792 819 857 osset,
840 783 924 844 facile
944 802 995 843 eos
1011 783 1048 844 ad
1062 783 1119 844 tale
1134 783 1291 845 consilium

199 871 339 934 radduci
353 889 449 951 posse.
475 859 656 942 Umbrenus,
674 869 777 950 quod
768 887 800 930 ιιι
814 869 905 930 Gallia
919 869 1084 948 negotiatus
1098 875 1170 940 arat,
1186 869 1291 966 pleris-
1312 883 1327 934 5
1405 877 1406 888 ¹

234 975 292 1037 que
307 956 487 1036 principibus
502 956 663 1018 eivitatium
677 961 768 1016 notus
783 962 846 1015 erat
857 961 948 1033 atque
961 973 1013 1014 eos
1027 960 1158 1015 noverat
1192 954 1291 1036 itaque

220 1042 297 1104 sine
317 1059 414 1112 mora,
435 1040 487 1102 ubi
505 1041 635 1138 primum
655 1039 794 1119 legatos
785 1057 817 1100 ιιι
835 1039 901 1100 foro
915 1039 1081 1136 conspexit,
1102 1047 1292 1118 percontatus
1378 1045 1406 1120 J

233 1147 327 1224 pauca
347 1127 385 1186 de
408 1133 486 1188 statu
506 1126 629 1187 civitatis
646 1133 677 1184 et
698 1125 782 1204 quasi
800 1124 903 1185 dolens
923 1123 987 1184 eins
1006 1143 1121 1197 casum,
1140 1125 1291 1204 requirere
1405 1153 1406 1166 ι

197 1209 345 1292 aceepit,
368 1229 459 1290 quem
484 1211 595 1271 exitum
622 1210 711 1272 tantis
738 1209 822 1270 malis
848 1215 1008 1289 sperarent.
1046 1217 1213 1288 postquam
1225 1211 1297 1272 illos
1405 1225 1406 1280 ι

232 1299 311 1358 videt
330 1296 414 1376 queri
434 1296 470 1356 de
491 1295 612 1358 avaritia
635 1293 873 1394 magistratuum,
895 1311 1032 1356 accusare
1051 1303 1188 1356 senatum
1212 1297 1290 1375 quod
1314 1307 1345 1358 10
1405 1289 1406 1376 ι

233 1383 264 1446 in
283 1401 318 1443 ec
333 1381 421 1443 auxili
435 1381 508 1442 nibil
522 1388 613 1453 esset,
634 1380 760 1442 miseriis
778 1381 841 1440 suis
861 1379 1025 1440 remedium
1040 1387 1169 1440 mortem
1182 1399 1291 1459 expec-
1405 1383 1406 1402 ¹

233 1476 306 1540 tare,
318 1458 360 1527 ιι
374 1457 437 1546 ego’
451 1467 546 1545 inquit
556 1457 659 1534 ‘vobis
675 1465 846 1526 simodo
820 1465 874 1526 vrri
887 1483 952 1531 esse
967 1465 1062 1536 voltis,
1079 1465 1223 1526 rationem
1237 1485 1289 1527 os·

196 1568 213 1617 ι
233 1553 364 1624 tendam
380 1571 438 1632 qua
451 1559 533 1614 tanta
544 1553 599 1612 ista
610 1551 686 1612 mala
697 1540 857 1630 effugiatis
879 1550 1105 1622 baecubidixit,
1121 1549 1289 1630 Allobroges

231 1639 264 1700 in
278 1655 448 1698 maxumam
464 1656 549 1716 spem
565 1637 682 1698 adducti
691 1635 876 1696 Umbrenum
887 1653 971 1696 orare
982 1642 1015 1696 ut
1029 1635 1075 1696 sni
1086 1635 1287 1696 misereretur:

232 1723 305 1784 nibil
323 1730 385 1783 tam
404 1741 542 1802 asperum
560 1739 657 1801 neque
676 1728 737 1782 tam
757 1721 874 1781 difficile
893 1739 970 1792 esse,
992 1721 1071 1799 qnod
1085 1737 1146 1782 non
1159 1721 1289 1800 cupidis·
1313 1733 1344 1782 15

232 1827 318 1869 sume
338 1807 444 1868 facturi
459 1815 572 1880 essent,
593 1807 666 1868 dum
680 1823 715 1866 ea
729 1823 777 1866 res
792 1805 938 1866 civitatem
951 1823 1019 1868 aere
1034 1806 1127 1868 alieno
1142 1806 1288 1868 liberaret.

197 1903 212 1952 5
232 1893 280 1953 ille
299 1912 352 1953 eos
372 1893 403 1954 in
421 1893 544 1954 domum
559 1893 593 1953 l).
608 1892 691 1952 Bruti
706 1891 851 1971 perducit,
873 1889 954 1970 quod
968 1891 1033 1952 loro
1048 1891 1214 1970 propinqua
1228 1900 1291 1953 erat

231 1997 328 2058 neque
349 1977 440 2038 aliena
460 1977 562 2039 consili
575 1985 697 2058 propter
717 1975 932 2055 Semproniam
965 1993 1035 2037 nam
1052 1985 1113 2037 tum
1128 1977 1238 2038 Brutus
1252 1978 1289 2038 ab

196 2073 213 2123 6
233 2063 326 2124 Roma
342 2063 451 2124 aberat.
474 2070 623 2142 praeterea
639 2061 795 2123 Gabinium
810 2062 939 2132 arcessit,
955 2079 1015 2140 quo
1026 2061 1120 2122 maior
1130 2063 1289 2124 auctoritas

231 2148 363 2209 sermoni
389 2148 507 2208 inesset.
542 2166 578 2207 ιο
604 2154 755 2242 praesente
775 2146 1007 2232 coniurationem
1026 2147 1133 2225 aperit,
1154 2147 1289 2209 nominat
1311 2158 1343 2208 20

232 2233 342 2304 socios,
363 2239 512 2312 praeterea
532 2233 642 2292 multos
658 2231 799 2310 cuiusque
814 2225 934 2309 generis
943 2231 1092 2304 innoxios,
1114 2250 1172 2310 quo
1187 2233 1288 2313 legatis

232 2313 348 2378 adimus
363 2317 487 2398 amplior
497 2324 584 2378 esset
605 2316 709 2377 deinde
720 2335 772 2376 eos
783 2315 926 2396 pollicitos
938 2333 1057 2395 operam
1069 2335 1154 2378 suam
1166 2317 1289 2379 domum
1404 2375 1405 2380 ,

169 2405 209 2467 41
231 2402 361 2463 dimittit.
391 2403 444 2462 sed
457 2402 625 2481 Allobroges
645 2401 722 2462 diu
714 2419 746 2461 m
759 2401 872 2462 incerto
886 2400 1015 2462 habuere
1030 2403 1172 2482 quidnam
1188 2403 1290 2464 consili
1404 2395 1405 2442 l

195 2499 212 2552 2
233 2494 380 2588 caperent.
409 2488 441 2548 in
460 2487 549 2548 altera
569 2495 651 2566 parte
670 2493 733 2548 erat
745 2505 796 2546 aes
811 2485 939 2548 ιιιιιιιιιιι
954 2487 1085 2548 studium
1102 2487 1169 2548 belli
1185 2506 1289 2568 magna

232 2577 345 2634 nierces
365 2573 397 2633 in
415 2592 467 2652 spe
487 2571 639 2643 victoriae,
659 2579 690 2632 at
709 2572 738 2632 in
754 2567 846 2633 alteia
861 2571 988 2632 maiores
1002 2591 1074 2652 opes
1089 2580 1153 2634 tuta
1167 2573 1288 2634 consilia
1311 2584 1343 2634 25

194 2671 210 2722 3
230 2677 285 2738 pro
300 2659 410 2720 incerta
425 2677 476 2738 spe
489 2665 571 2720 certa
584 2657 724 2754 praemia
747 2655 820 2720 haec
830 2656 887 2717 illis
898 2657 1079 2718 volventibus
1090 2659 1210 2719 tandem
1222 2659 1290 2720 vicit

194 2755 211 2804 4
230 2745 349 2804 fortuna
359 2762 401 2804 ιιι
394 2743 559 2822 publicae.
582 2743 680 2822 itaque
693 2743 727 2814 Q.
739 2742 829 2803 Fabio
842 2743 963 2822 Sangae,
977 2743 1060 2804 cuins
1071 2744 1233 2822 patrocinio
1244 2743 1288 2805 ci·

231 2828 305 2890 vitas
320 2827 491 2909 plurumum
509 2828 654 2900 utebatur,
671 2847 735 2890 rem
750 2847 872 2889 omnem
883 2828 925 2888 uti
937 2835 1132 2907 cognoverant
1141 2828 1287 2906 aperiunt.

196 2913 333 2975 allicere
357 2932 411 2993 per
430 2915 557 2993 Sangam
582 2913 705 2974 oonsilio
736 2913 853 2992 cognito
881 2913 982 2990 legatis
1007 2912 1202 2990 praecipitat
1222 2919 1287 2972 stu-

232 2999 314 3060 dium
338 2999 757 3060 coninrationisvebementer
770 2997 922 3067 simulent,
944 3003 1057 3057 ceteros
1072 2996 1190 3068 adeant,
1211 2995 1286 3056 bene
1310 3003 1345 3053 30

232 3083 431 3162 polliceantur,
448 3085 574 3164 dentque
591 3101 710 3162 operam
725 3081 768 3142 uti
785 3100 836 3142 eos
854 3098 941 3158 quam
953 3098 1089 3142 maxume
1105 3081 1287 3143 manufestos

231 3167 367 3230 babeant.

124 3288 130 3298 ·
170 3257 212 3318 42
316 3253 413 3314 Isdem
436 3254 497 3314 fere
516 3252 698 3333 temporibus
718 3251 749 3310 in
762 3251 853 3312 Gallia
876 3250 1010 3312 citeriore
1029 3259 1117 3330 atque
1137 3250 1286 3326 ulteriore,

195 3349 211 3399 ι
233 3340 305 3400 item
330 3339 361 3400 in
388 3356 455 3418 agro
476 3338 583 3399 Piceno
604 3337 718 3398 Bruttio
737 3335 841 3414 Apulia
861 3341 960 3396 motus
980 3344 1052 3396 erat.
1088 3353 1216 3417 namque
1236 3337 1285 3410 illi,

233 3443 307 3504 quos
323 3431 390 3485 ante
406 3423 526 3486 Catilina
540 3423 698 3494 dimiserat,
714 3421 878 3482 inconsulte
893 3438 926 3480 ac
940 3420 1029 3481 veluti
1043 3440 1096 3500 per
1107 3422 1286 3484 dementiam
1309 3428 1342 3478 ³5

233 3516 338 3570 cuncta
352 3510 441 3570 simul
455 3509 586 3587 agebant.
615 3507 766 3568 neotumis
781 3505 922 3578 consiliis,
943 3525 1094 3566 armorum
1110 3515 1197 3586 atque
1211 3508 1287 3568 telo·

233 3613 300 3655 rum
330 3593 559 3673 ροιιιιιοιιιιιιιι,
590 3593 756 3653 festinando
790 3589 925 3672 agitando
952 3592 1051 3652 omnia
1080 3593 1145 3670 plus
1171 3592 1287 3654 timoris

196 3691 322 3758 aquam
343 3678 464 3757 periculi
482 3679 647 3740 effecerant.
682 3697 718 3738 ιιι
740 3697 776 3738 eo
793 3695 919 3738 numero
939 3675 1139 3758 conplurisQ.
1155 3675 1287 3739 Metellus
1403 3721 1404 3746 ,

305 3848 313 3891 l
329 3844 485 3908 allogobrnm
496 3845 565 3895 va'o
573 3850 599 3895 at
606 3862 633 3914 p.
642 3845 684 3908 24,
693 3845 709 3893 al
722 3843 732 3912 ΙΙ
745 3845 760 3892 5
772 3844 850 3908 gallio
859 3847 883 3894 P
894 3845 903 3910 l
916 3845 932 3894 d
944 3846 1074 3897 ciuitatum
1083 3847 1133 3908 PC,
1147 3848 1288 3898 ciuitatium
1403 3873 1404 3884 ι

235 3912 275 3978 Op
292 3911 320 3960 lt
327 3920 410 3994 'alege
428 3929 462 3962 aar
474 3912 593 3978 adecPlt
609 3912 639 3963 18
656 3913 687 3963 ab
700 3911 814 3976 romaC
832 3914 916 3962 Pruo.
928 3913 975 3963 ool.
989 3914 1017 3964 Il
1024 3930 1050 3980 p
1063 3914 1098 3964 66
1109 3916 1185 3965 Prot
1236 3915 1288 3966 150

232 3979 308 4046 Serg.
320 3983 347 4030 in
359 3979 423 4030 Pon.
433 3997 460 4048 p.
472 3981 531 4032 511
544 3995 630 4032 romae
644 3983 672 4044 P
684 3993 754 4029 roma
765 3977 805 4044 Cli
820 3981 850 4029 lv
863 3981 1012 4044 areescitP,
1026 3983 1134 4032 accersit
1144 3931 1288 4050 Cpssn'que

231 4047 240 4114 11
250 4050 282 4096 'tt
294 4048 391 4098 diuini
383 4056 481 4099 incerto
496 4047 538 4116 ΡΙΙ
552 4047 583 4098 24
596 4055 685 4100 erata.
697 4065 719 4097 r.
734 4045 776 4116 Pfl
789 4047 821 4098 td
838 4047 877 4097 ιιι
878 4048 914 4098 cit
926 4056 951 4112 ln
962 4053 1040 4113 arar.)
1033 4049 1099 4118 tPl
1112 4050 1143 4100 29
1159 4053 1288 4118 praecepit

234 4115 283 4182 PC,
294 4121 410 4167 conscit
427 4115 646 4186 Linlrsmlbd
639 4131 665 4167 vn
680 4115 790 4180 gallias.
808 4132 830 4167 r
847 4116 871 4167 P
