2846 4682
470 371 514 422 llll
532 372 638 424 untho
655 371 861 458 IUGUll'l'lIINO
1155 377 1193 438 61

131 524 249 585 insidias
264 525 370 586 tendit.
403 524 409 537 '
431 525 579 622 {turpinus
595 547 631 588 ex
644 547 681 588 eo
696 544 835 600 numero,
852 528 904 608 qui
917 529 954 590 ad
969 529 1088 590 caedem
1098 529 1196 610 parati
1217 539 1234 589 3
1264 589 1267 599 ,

133 616 224 682 erant,
239 609 329 690 paulo
344 607 540 672 iddcdsdltrus
554 610 709 672 hlassIvam
724 613 900 691 aggreditur.
931 613 1014 684 ilhrm
1029 613 1195 688 obtruncat,

132 694 183 754 sed
208 694 271 773 ipse
296 693 512 774 deprehensus,
534 697 635 757 multis
655 696 841 758 hortantibus
861 705 891 758 et
911 697 943 758 in
962 698 1065 778 printis
1091 699 1196 762 Albino

133 778 268 851 consule,
291 779 432 840 indIcium
451 779 616 858 profitetur.
645 781 680 842 fit
698 799 767 842 reus
787 781 880 861 magis
895 802 931 843 ex
946 801 1041 862 aequo
1056 783 1195 864 bonoque
1217 797 1231 844 7

95 875 111 923 5
133 881 223 942 quam
250 883 287 924 ex
306 863 369 924 iure
388 865 519 943 gentium
539 865 697 938 Bomilcar,
722 885 821 926 comes
842 867 904 928 eius
924 867 974 946 qui
992 867 1120 930 Romam
1139 868 1195 930 fide

130 949 246 1028 pubhca
261 955 389 1009 venerat.
417 955 447 1010 at
465 949 605 1029 Iugurtha
620 951 805 1034 manufestus
819 952 894 1013 tanti
907 952 1024 1013 sceleris
1038 970 1100 1014 non
1113 954 1195 1032 prius
1217 965 1232 1015 8
1299 993 1302 1010 ,

132 1033 232 1095 omisit
253 1039 356 1094 contra
370 1051 473 1095 rerum
487 1034 553 1108 niti,
576 1053 664 1114 mam
679 1037 812 1096 animum
827 1036 953 1098 advortit
967 1055 1056 1116 supra
1070 1038 1194 1116 gratiam

131 1126 219 1198 atque
239 1118 394 1198 pecuniam
415 1137 499 1180 suam
520 1119 659 1181 invidiam
678 1121 748 1181 lacti
762 1139 837 1182 esse.
867 1121 955 1200 igitur
970 1140 1149 1201 quamquam
1164 1123 1195 1182 in
1216 1133 1232 1183 9

129 1203 229 1282 priore
245 1203 359 1264 actione
374 1223 410 1264 ex
424 1204 525 1264 amicis
541 1205 752 1284 quinquaginta
767 1205 852 1266 vades
868 1206 1002 1280 dederat,
1023 1224 1113 1286 regno
1129 1225 1193 1268 mu-

78 1297 110 1348 1⁰
130 1289 173 1367 gis
194 1307 285 1367 quam
305 1288 426 1348 vadibus
446 1289 601 1350 consulens
617 1289 693 1350 olam
707 1290 738 1350 in
753 1290 922 1352 Numidiam
937 1291 1132 1353 Bomilcarem
1142 1291 1193 1374 ,di-

131 1373 232 1444 mittit
248 1372 356 1432 veritus
376 1390 413 1433 ne
428 1373 556 1452 reIIquos
567 1374 717 1454 popularis
728 1382 826 1436 metus
837 1375 987 1437 invaderet
997 1377 1119 1455 parendi
1130 1377 1194 1449 sibi,

130 1457 155 1518 si
176 1457 212 1518 de
232 1457 281 1517 ifle
300 1457 476 1536 supphcium
496 1466 651 1539 sumptum
670 1460 756 1521 foret.
787 1467 817 1520 et
832 1459 894 1539 ipse
909 1460 1009 1539 paucis
1025 1461 1127 1522 diebus
1143 1481 1194 1523 eo-

130 1542 198 1604 dem
219 1542 370 1621 profectus
391 1550 451 1614 est,
472 1543 570 1606 iussus
590 1564 607 1605 a
627 1551 732 1605 senatu
751 1545 833 1606 Italia
853 1545 1003 1626 decedere.
1037 1546 1089 1606 sed
1109 1555 1193 1626 post·
1218 1555 1248 1606 10

130 1645 222 1706 quam
236 1627 332 1688 Ilcma
352 1645 486 1706 egressus
501 1635 560 1700 est,
580 1629 676 1690 fertur
689 1647 777 1708 saepe
792 1649 827 1690 eo
841 1629 948 1690 tacitus
963 1631 1121 1709 respiciens
1136 1651 1192 1710 po-

79 1723 110 1773 15
130 1720 242 1773 stremo
263 1711 371 1772 dixisse
428 1713 497 1773 bem
516 1713 649 1774 venalem
664 1720 695 1774 et
708 1721 824 1775 mature
838 1714 1013 1794 perituram,
1035 1715 1060 1775 si
1074 1723 1192 1796 empto·
1288 1788 1295 1794 .

130 1815 195 1858 rem
211 1729 428 1942 inveneritsp
727 1811 731 1818 ’

215 1881 338 1942 Interim
420 1881 487 1942 inus
515 1889 656 1944 renovato
681 1881 758 1942 bello
784 1891 985 1944 commeatum
1009 1883 1189 1962 stipendium
1214 1884 1256 1946 Sd

130 1966 259 2045 aliaque,
277 1985 352 2044 quae
367 1966 508 2026 militibus
523 1967 590 2027 usui
604 1967 711 2039 ferent,
728 1970 858 2028 maturat
872 1966 902 2027 in
916 1967 1045 2029 hlricam
1059 1975 1192 2047 portare:

131 2071 165 2112 ac
183 2050 285 2112 statim
305 2051 368 2129 ipse
386 2051 552 2130 proiectus,
575 2052 624 2124 uti¹
639 2061 707 2112 ante
727 2031 860 2123 comitia,
883 2053 963 2132 quod
981 2060 1099 2132 tempus
1114 2053 1194 2116 haud

76 2147 112 2198 2⁰
131 2135 217 2215 longe
237 2135 350 2207 aberat,
372 2135 462 2196 armis
482 2143 533 2197 aut
547 2137 694 2198 deditione
709 2144 760 2198 ant
775 2135 877 2216 quovis
892 2137 981 2198 modo
996 2137 1105 2199 bellum
1120 2157 1192 2200 con-

132 2222 241 2282 ficeret.
275 2227 306 2281 at
325 2227 428 2281 contra
442 2221 582 2300 Iugurtha
601 2223 718 2284 trahere
738 2221 837 2282 omnia
857 2228 888 2283 et
908 2222 977 2284 alias
998 2221 1102 2284 deinde
1122 2222 1192 2286 alias
1213 2236 1229 2284 2

132 2324 232 2368 morae
255 2324 357 2366 causas
370 2306 482 2378 lacere,
503 2305 635 2386 polliceri
655 2307 833 2368 deditionem
850 2325 884 2368 ao
902 2307 1006 2368 deinde
1022 2315 1136 2370 metum
1152 2309 1193 2369 si·

132 2391 255 2462 mulare,
271 2389 374 2451 cedere
389 2390 509 2451 instanti
524 2397 554 2450 et
568 2391 655 2469 paulo
669 2397 747 2470 post,
763 2409 801 2451 ne
816 2391 862 2452 sui
877 2391 1053 2465 diffiderent,
1066 2393 1191 2454 instare:

132 2476 173 2536 ita
191 2475 260 2536 belli
280 2475 368 2536 modo
388 2474 478 2535 modo
498 2475 578 2554 pacis
598 2495 681 2538 mora
702 2476 853 2536 consulem
872 2476 1030 2538 ludificare.
1062 2497 1095 2539 ae
1109 2479 1192 2539 luere
1214 2491 1228 2539 3

79 2571 112 2621 25
133 2561 263 2639 quitum
277 2559 415 2620 Albinum
431 2560 508 2620 haud
519 2560 653 2640 ignarum
665 2561 768 2622 consili
778 2561 854 2640 regis
865 2561 1085 2634 existumarent,
1097 2579 1193 2640 neque

131 2652 268 2706 extante
289 2645 476 2723 properantia
497 2652 559 2706 tam
578 2645 661 2706 facile
681 2651 810 2707 tractum
829 2645 939 2706 bellum
953 2645 1085 2706 socordia
1101 2646 1193 2724 magis

131 2747 222 2809 quam
238 2729 305 2790 dolo
320 2728 482 2791 crederent.
504 2729 556 2790 sed
567 2737 725 2808 postquam
737 2729 849 2808 dilapso
859 2735 992 2809 tempore
1004 2730 1193 2791 comitiorum
1214 2747 1231 2796 4

131 2815 194 2875 dies
213 2814 400 2886 adventabat,
422 2813 544 2877 Albinus
559 2815 634 2875 Aulo
654 2815 745 2874 fratre
760 2814 909 2875 incastris
924 2833 978 2893 pro
993 2821 1129 2892 praetore
1143 2833 1192 2874 re-

130 2899 201 2960 licto
217 2899 344 2960 Romam
359 2885 558 2985 decessit7bea
572 2901 747 2978 tempestate
762 2898 873 2959 Romae
888 2898 1083 2960 seditionibus
1096 2899 1192 2960 tribu·
1213 2905 1255 2968 37

78 2996 112 3046 3ο
131 2985 217 3045 niciis
232 2984 371 3045 atrociter
385 3002 432 3044 res
446 2953 562 3062 publica
577 2983 748 3063 agitabatur.
772 2984 804 3044 P.
820 2983 959 3045 Lucullus
975 2990 1005 3046 et
1020 2983 1052 3045 L.
1068 2983 1191 3057 Annius,
1215 3003 1230 3054 2

130 3067 244 3130 tribuni
262 3067 356 3148 plebis
374 3068 577 3130 resistentibus
597 3069 725 3148 conlegis
739 3069 912 3131 continuare
927 3069 1131 3149 magistratum
1145 3070 1193 3130 ni-

131 3154 283 3225 tebantur,
311 3169 385 3232 quae
412 3153 555 3213 dissensio
578 3153 670 3214 totius
694 3154 764 3214 anni
787 3153 906 3216 comitia
932 3155 1119 3234 impediebat.
1159 3174 1193 3216 ea
1214 3171 1229 3221 3

132 3257 217 3299 mora
231 3238 262 3298 in
277 3255 361 3317 spem
377 3237 518 3300 adductus
533 3238 638 3310 Aulus,
656 3257 746 3318 quem
760 3257 814 3317 pro
829 3246 965 3318 praetore
980 3239 1011 3298 in
1027 3239 1129 3300 castris
1144 3257 1193 3300 re-

133 3322 236 3384 hctum
250 3341 339 3402 supra
354 3323 492 3394 diximuS,
515 3329 565 3383 aut
581 3323 758 3384 conficiundi
771 3323 840 3384 belli
854 3331 905 3384 aut
918 3330 1032 3384 terrore
1048 3323 1193 3384 exercitus

2 3463 3 3470 ,
79 3417 113 3467 35
134 3407 170 3468 ab
190 3425 258 3487 rege
277 3407 417 3494 pecuniae
432 3407 605 3487 capiundae,
622 3407 731 3468 milites
747 3425 849 3468 mense
863 3405 996 3468 Ianuario
1012 3425 1048 3467 er
1064 3405 1193 3468 hibernis

1 3503 5 3554 l

146 3543 330 3554 ...-.--—-

203 3625 218 3674 3
236 3625 422 3678 horestantibus
436 3627 444 3686 l
450 3627 505 3692 fuit
516 3627 583 3676 homi
595 3627 736 3690 tentibust)
750 3629 776 3678 P
786 3625 795 3695 ΙΙ
809 3629 822 3676 7
843 3625 945 3694 obmisit
958 3627 981 3676 P
992 3623 1002 3694 ΙΙ
1015 3627 1193 3678 animaduertit

137 3693 167 3754 (d.
177 3710 198 3742 a.
211 3710 234 3743 e.
245 3693 277 3756 P)
290 3691 340 3755 PC,
353 3694 565 3746 animaduerterat
577 3695 616 3744 uel
626 3694 734 3744 animum
746 3696 857 3746 aduertit
871 3693 911 3762 Cli
929 3694 955 3744 11
976 3695 1073 3745 ueritus
1083 3711 1111 3763 p,
1123 3696 1193 3746 ueri·

136 3767 174 3810 tas
186 3762 210 3810 P
221 3759 231 3826 ΙΙ
247 3762 277 3810 15
297 3760 382 3811 urbem
395 3761 446 3824 PC,
460 3779 475 3811 o
488 3763 573 3812 urbem
587 3761 613 3825 C,
626 3760 679 3812 Ltu.
692 3761 761 3830 npu.
773 3763 808 3812 64
825 3761 834 3830 ΙΙ
853 3764 875 3814 si
888 3769 1025 3828 emptorem
1036 3779 1067 3830 p,
1080 3771 1193 3829 sumptu-

134 3841 187 3878 ram
195 3830 220 3879 P
231 3826 241 3895 ll
254 3828 287 3878 20
297 3829 387 3894 quouis
396 3857 412 3866 -
422 3829 455 3879 22
467 3830 618 3880 deditionem
630 3845 678 3880 om.
692 3830 722 3896 P,
735 3835 762 3881 in
773 3847 858 3898 marg.
871 3847 928 3898 sup.
940 3829 1038 3898 addnp
1051 3828 1060 3898 Η
1074 3831 1106 3881 24
1119 3832 1192 3881 modo

134 3895 245 3946 alterum
256 3913 278 3946 s.
291 3913 313 3946 s.
327 3897 351 3946 P
365 3893 375 3964 ΙΙ
393 3896 523 3947 ludificare
535 3897 590 3962 PC,
607 3897 734 3948 ludificari
745 3901 896 3950 Arusianus
904 3915 931 3966 p.
948 3899 1000 3948 245
1014 3898 1065 3964 1125
1084 3899 1194 3947 albinum

135 3989 151 3999 -
162 3963 264 4014 conallii
274 3979 301 4031 p,
314 3965 436 4014 albinis-
448 3965 541 4014 consili
554 3985 588 4014 a*
599 3967 622 4016 P
633 3965 644 4033 {l
656 3967 688 4022 33
707 3968 781 4018 aulus
791 3984 810 4036 p
823 3968 859 4030 (da
870 3969 935 4030 roc.)
949 3965 975 4028 C,
988 3966 1088 4016 albinus
1101 3966 1125 4014 P
1135 3980 1194 4014 cum

134 4029 232 4084 duona
246 4030 276 4080 0:
288 4031 377 4082 eodem
387 4031 462 4082 modo
474 4031 557 4082 ea'dm
567 4034 643 4099 basra
652 4051 681 4101 p.
692 4034 735 4098 62,
748 4035 842 4086 1218.
854 4035 889 4086 30
895 4051 922 4104 p.
934 4033 976 4098 63,
987 4034 1004 4083 5
1015 4049 1043 4100 p.
1055 4031 1097 4094 65,
1110 4032 1143 4081 12
1155 4032 1194 4081 al-

135 4099 219 4149 binnrn
226 4113 277 4168 pro
289 4099 348 4149 aulo
361 4100 529 4165 substituunt,
541 4104 570 4150 at
581 4105 726 4170 conenitp
