2846 4682
462 384 505 486 ΠΣ]
523 385 630 438 BELLO
645 385 855 439 mounrrnno
1153 391 1193 452 53

129 538 211 618 copia
225 555 289 600 non
303 538 370 602 fuit.
397 509 537 620 Iugurtha
551 540 603 602 ubi
617 559 669 601 eos
683 540 780 602 Africa
796 540 954 604 decessisse
970 548 1052 604 ratus
1064 546 1123 615 est,
1139 561 1193 604 ne·
1215 543 1256 604 28

130 642 187 703 que
206 631 332 704 propter
352 625 409 686 loci
423 633 559 687 naturam
575 625 684 686 Cirtam
701 627 791 688 armis
806 645 971 707 expugnare
986 633 1099 706 potest,
1121 628 1196 688 uallo

130 715 221 788 atque
228 709 311 771 fossa
323 711 440 771 moenia
452 710 623 778 circumdat,
639 711 729 771 turris
741 711 852 772 extruit
862 715 970 791 easque
982 712 1133 792 praesidiis
1145 714 1196 773 lir-

130 800 207 866 mat,
230 801 384 874 praeterea
405 795 467 856 dies
488 795 642 874 noctisque
663 803 713 856 aut
731 813 785 875 per
803 795 863 857 vim
885 803 936 856 aut
951 797 1025 856 dolis
1039 801 1195 878 temptare.

92 893 108 942 5
131 879 335 940 defensoribus
356 880 508 941 moenium
528 879 657 959 praemia
677 880 766 942 modo
787 881 876 942 modo
891 881 1079 942 formidinem
1094 889 1198 942 osten·

129 970 204 1036 tare,
219 981 290 1024 suos
305 965 449 1025 hortando
465 965 501 1026 ad
515 964 655 1026 virtutem
670 965 812 1044 arrigere,
833 983 954 1045 prorsus
974 965 1105 1026 intentus
1121 983 1195 1027 cun-

130 1055 176 1110 cta
190 1067 304 1128 parare.
332 1049 478 1110 Adherbal
492 1049 543 1109 ubi
558 1049 699 1128 intellegit
714 1050 811 1110 omnis
826 1055 900 1112 suas
908 1050 1042 1112 fortunas
1054 1050 1085 1110 in
1096 1057 1194 1111 extre-
1215 1057 1230 1105 2

131 1151 181 1196 nro
196 1134 284 1206 sitaS,
300 1133 418 1194 hostem
433 1134 591 1207 infestum,
608 1133 695 1194 auxili
710 1153 794 1214 spem
809 1134 935 1207 nullam,
957 1134 1079 1214 penuria
1093 1153 1193 1195 rerum

130 1218 364 1280 necessariarum
375 1218 485 1278 bellum
496 1236 558 1278 non
568 1219 646 1279 trahi
657 1238 754 1298 posse,
770 1239 806 1280 ex
818 1219 861 1281 eis
873 1219 925 1298 qui
935 1237 995 1281 una
1006 1219 1115 1280 Cirtam
1124 1227 1195 1298 prd-

81 1312 112 1362 lu
129 1301 267 1380 fugerant
281 1303 356 1363 duos
370 1321 509 1364 maxume
524 1303 653 1382 inpigros
667 1303 782 1383 delegit.
811 1323 863 1365 eos
877 1303 971 1364 multa
985 1303 1148 1382 pollicendo
1163 1307 1197 1365 a'c

130 1385 297 1448 miserando
320 1405 422 1449 casum
442 1405 531 1448 suum
552 1387 707 1448 confirmat
727 1388 771 1448 uti
790 1406 844 1466 per
864 1387 995 1448 hostium
1014 1388 1195 1449 munitiones

130 1478 221 1532 noctu
232 1471 268 1530 ad
279 1489 459 1550 proxumum
467 1489 558 1544 mare,
570 1471 638 1532 dein
645 1471 770 1532 Romam
778 1479 944 1551 pergerent.
967 1469 1112 1534 Numidae
1120 1491 1195 1551 pau·
1214 1467 1256 1526 24

131 1556 171 1618 cis
185 1555 290 1618 diebus
305 1555 384 1617 iusso
402 1555 542 1616 efficiunt.
569 1556 681 1616 litterae
696 1557 868 1618 Adherbalis
883 1556 914 1616 in
928 1562 1033 1617 senatu
1047 1557 1195 1630 recitatae,

131 1658 257 1720 quarum
272 1640 418 1702 sententia
432 1640 506 1702 haec
519 1640 585 1700 luit.

81 1733 112 1782 15
212 1715 296 1784 ‘Non
311 1743 377 1785 mea
393 1725 478 1804 culpa
493 1743 580 1804 saepe
595 1723 697 1785 advos
712 1731 828 1786 oratum
841 1724 938 1796 mitto,
954 1731 1053 1804 patres
1065 1725 1197 1785 conscri-
1218 1730 1233 1780 2

130 1809 183 1889 pti,
200 1809 252 1870 sed
267 1810 310 1870 vis
324 1809 482 1890 Iugurthae
496 1808 613 1889 subigit,
630 1827 720 1888 quem
735 1816 817 1870 tanta
831 1809 930 1870 lubido
945 1809 1132 1888 extinguendi
1147 1827 1195 1869 me

129 1894 249 1966 invasit,
277 1901 311 1954 ut
330 1912 428 1973 neque
449 1913 501 1955 vos
521 1911 617 1973 neque
637 1894 708 1954 deos
726 1893 890 1954 inmortalis
909 1893 941 1953 in
959 1893 1059 1954 animo
1080 1893 1197 1966 habeat,

130 1979 305 2057 sanguinem
320 1997 422 2039 meum
438 1997 528 2058 quam
543 1978 644 2039 omnia
658 1977 751 2039 malit.
780 1979 878 2057 itaque
890 1979 1029 2058 quintum
1039 1978 1099 2040 iam
1110 1995 1197 2038 men·
1219 1984 1234 2034 3

130 2081 195 2124 sem
211 2063 309 2124 socius
324 2069 355 2124 et
369 2063 482 2124 amicus
497 2063 599 2144 populi
613 2063 739 2124 Romani
752 2063 844 2124 armis
859 2062 997 2124 obsessus
1008 2070 1126 2134 teneor,
1142 2079 1196 2122 ne-

80 2155 114 2205 2⁰
131 2166 188 2226 que
204 2147 278 2208 mihi
291 2147 428 2228 Micipsae
443 2147 535 2228 patris
549 2147 609 2208 mei
623 2147 755 2208 benificia
770 2165 867 2228 noque
879 2148 1104 2252 vostggdecreta
1115 2149 1197 2208 auxi-

129 2232 252 2292 liantur:
268 2233 347 2293 ferro
369 2250 406 2294 an
425 2233 504 2294 fame
519 2232 615 2293 acrius
630 2250 734 2312 urgear
748 2233 876 2294 incertus
890 2251 968 2294 sum.
998 2233 1082 2312 plura
1096 2231 1132 2292 de
1147 2232 1197 2292 lu·
1218 2241 1235 2290 4

130 2317 237 2396 gurtha
256 2317 383 2378 scribere
398 2316 571 2378 dehortatur
585 2335 633 2378 me
648 2317 768 2380 fortuna
782 2336 857 2378 mea.
888 2316 977 2378 etiain
992 2325 1077 2378 antea
1092 2319 1209 2396 exper-⁵

129 2410 177 2462 tus
192 2421 261 2462 sum
275 2421 381 2481 parum
395 2402 463 2462 fidei
477 2401 593 2462 miseris
608 2421 683 2462 esse.
713 2403 771 2463 nisi
785 2409 886 2464 umen
899 2402 1035 2481 intellego
1050 2402 1133 2462 illum
1145 2420 1197 2462 su·
1219 2414 1234 2462 5

130 2504 183 2565 pra
198 2505 287 2564 quam
303 2506 357 2566 ego
373 2505 441 2548 sum
455 2494 555 2565 petere
567 2501 663 2565 neque
674 2486 764 2547 simul
775 2486 934 2548 amicitiam
948 2494 1078 2546 vostram
1089 2493 1120 2546 et
1130 2504 1198 2565 reg-

81 2579 117 2630 25
134 2587 209 2632 num
230 2589 332 2632 meum
352 2589 485 2651 sperare:
510 2579 613 2632 utrum
634 2571 749 2649 gravius
772 2571 944 2643 existumet,
966 2570 1078 2630 nomini
1098 2571 1197 2629 occul-

130 2663 196 2716 tum
211 2663 258 2716 est
318 2673 367 2716 am
381 2655 465 2716 initio
481 2655 588 2716 occidit
601 2654 801 2736 Hiempsalem
815 2655 937 2715 fratrem
951 2672 1068 2726 meum,
1092 2653 1196 2714 deinde
1217 2667 1233 2716 u

130 2740 226 2820 patrio
240 2757 332 2820 regno
348 2759 397 2801 me
412 2740 532 2819 expulit.
560 2758 635 2819 quac
646 2757 715 2800 sane
726 2739 837 2801 fuerint
847 2745 967 2800 nostrae
978 2737 1109 2809 iniuriae,
1125 2737 1198 2798 nihil

131 2825 168 2886 ad
181 2844 246 2886 vos.
268 2843 371 2886 verum
386 2843 466 2886 nunc
479 2831 610 2886 vostrum
626 2842 750 2902 regnum
763 2823 852 2884 armis
862 2830 954 2896 tenet,
970 2841 1029 2896 me,
1045 2841 1135 2901 quem
1146 2840 1197 2882 vos
1218 2837 1233 2884 7

132 2909 341 2990 imperatorem
357 2909 491 2970 Numidis
501 2909 649 2988 posuistis,
666 2908 798 2970 clausum
810 2907 940 2970 obsidet:
956 2908 1119 2986 legatorum
1130 2925 1197 2967 ver-

81 3005 116 3055 30
132 2996 170 3056 ha
185 2995 289 3074 quanti
302 2995 414 3067 lecerit,
430 2993 559 3074 pericula
573 3013 640 3056 mea
653 2993 809 3054 declarant.
841 2994 911 3073 quid
925 3001 970 3054 est
983 2991 1130 3071 reliquom
1141 2991 1199 3052 nisi
1220 3004 1235 3054 8

133 3080 177 3140 vis
198 3087 311 3152 vostra,
333 3097 392 3159 quo
412 3079 525 3140 moveri
540 3075 659 3159 possit?
672 3096 742 3139 nam
757 3098 812 3158 ego
828 3077 948 3158 quidem
962 3078 1067 3139 vellem
1082 3079 1199 3139 ethaeo
1219 3091 1235 3139 9

133 3181 208 3244 quae
223 3163 320 3226 scribo
335 3172 366 3225 et
380 3164 429 3226 illa
444 3183 519 3243 quoe
535 3171 619 3225 antea
633 3164 665 3223 in
679 3171 784 3224 senatu
800 3171 922 3242 questus
936 3181 1004 3223 sum
1015 3179 1089 3223 vana
1099 3163 1200 3223 forent

132 3249 232 3328 potius
254 3267 343 3328 quam
362 3248 480 3310 miseria
498 3267 564 3310 mea
578 3249 668 3310 fidem
682 3247 777 3309 verbis
791 3248 910 3310 faceret.
939 3247 990 3308 sed
1007 3246 1148 3326 quoniam
1163 3264 1198 3306 eo
1218 3258 1249 3308 to

132 3341 221 3396 natus
236 3353 314 3407 sum,
327 3341 361 3395 ut
372 3334 530 3412 Iugurthae
544 3333 689 3394 scelerum
704 3333 835 3394 ostentui
849 3351 954 3404 essem,
970 3348 1031 3390 non
1045 3331 1104 3390 iam
1115 3347 1198 3389 mor·

83 3426 116 3478 ab
134 3425 196 3480 tem
211 3436 308 3498 neque
323 3436 489 3490 aerumnas,
504 3425 622 3480 tantum
637 3417 726 3478 modo
741 3416 851 3478 inimici
865 3415 1025 3494 imperium
1034 3421 1070 3473 et
1084 3412 1199 3474 crucia-

133 3510 182 3564 tus
203 3502 336 3582 corporis
357 3503 507 3582 deprecor.
536 3520 628 3582 regno
647 3501 815 3573 Numidiae,
837 3500 916 3579 quod
934 3505 1068 3560 vostrum
1083 3503 1138 3570 est,
1154 3497 1199 3557 uti

134 3587 216 3650 lubet
226 3588 388 3650 consulite:
401 3607 450 3650 me
462 3587 598 3648 manibus
609 3586 698 3666 inpiis
706 3586 818 3665 eripite,
830 3603 884 3666 per
891 3584 1075 3646 maiestatem
1083 3582 1199 3662 imperi,

206 3771 238 3822 12
255 3778 391 3838 pergerent
402 3788 438 3822 σω
449 3779 541 3834 gerunt
554 3768 598 3838 Pii
613 3771 644 3820 15
662 3771 693 3820 ed
710 3785 760 3820 om.
774 3769 803 3821 V
813 3767 823 3838 ΙΙ
838 3769 869 3820 16
887 3769 966 3820 subiit
977 3766 1021 3836 ΡΙΙ
1035 3767 1067 3820 20
1085 3769 1134 3819 mei
1150 3784 1199 3819 orn.

140 3838 167 3890 V
176 3836 187 3908 ΙΙ
199 3839 230 3888 21
251 3840 363 3890 incertus
375 3854 430 3890 sum
441 3838 497 3901 PC,
513 3839 637 3890 incertum
652 3845 692 3889 est
705 3838 748 3906 Vp
761 3840 797 3898 (in
808 3840 904 3904 marg.)
921 3834 1044 3904 silplura
1052 3843 1199 3916 -expertus

139 3921 192 3958 son
207 3910 235 3957 io
250 3921 337 3972 marg.
355 3908 406 3974 tas.
422 3908 447 3958 P
458 3903 468 3973 ΙΙ
481 3906 514 3956 30
532 3906 582 3957 nisi
596 3907 638 3956 uis
650 3913 737 3956 uestra
749 3921 797 3972 quo
815 3905 864 3967 (oei
878 3905 1046 3971 quaimoucri
1060 3903 1086 3967 0,
1098 3904 1199 3953 ursinis

138 3975 199 4038 (uiso
212 3976 246 4038 P)
258 3982 345 4024 nostra
355 3989 370 4025 a
382 3991 429 4041 qua
441 3975 540 4024 moueri
549 3973 600 4037 PC,
612 3974 662 4024 nisi
672 3975 720 4025 bra
731 3975 771 4024 nis
781 3973 933 4024 commoneri
944 3972 973 4024 V
982 3971 992 4040 [Ι
1005 3972 1038 4022 32
1056 3971 1139 4020 scribo
1149 3969 1199 4033 PC,

139 4041 244 4094 Servius
258 4040 398 4093 Fuldmieis
413 4045 441 4092 io
454 4041 483 4093 V
480 4057 537 4107 erg.
549 4043 584 4092 A.
596 4042 626 4105 1,
639 4041 704 4108 392,
720 4041 813 4108 scripsi
826 4041 854 4093 V
864 4039 921 4108 134
937 4039 979 4102 ut]
992 4045 1017 4088 et
1033 4037 1062 4088 V
1070 4036 1081 4104 ΙΙ
1094 4037 1126 4086 35
1139 4051 1198 4085 cru-

141 4109 232 4161 ciatum
245 4109 275 4161 V
285 4107 295 4176 ΙΙ
308 4109 338 4160 tt
357 4126 396 4161 ne
408 4109 522 4162 manibus
534 4109 614 4173 PCV,
627 4125 666 4160 me
676 4125 709 4160 ex
720 4109 834 4160 manibus
845 4107 867 4158 C
