2854 4678
531 333 574 383 ns
592 333 635 384 un
648 331 790 404 ¹eunucu
808 335 818 385 1
1145 339 1204 402 133

143 487 258 569 publica
269 486 384 568 pecoris
399 487 492 548 modo
502 482 704 549 conscissam?
720 487 795 549 eheu
810 505 898 566 quem
912 488 960 550 illa
975 489 1087 552 occulte
1098 491 1206 554 civium
1226 505 1242 556 2

144 573 249 635 funere
269 579 299 633 et
317 571 487 652 repentinae
509 572 626 645 coedes,
647 571 678 632 in
697 579 854 652 parentum
868 579 919 635 aut
932 573 1092 637 liberorum
1107 575 1205 639 sinum

144 657 214 740 fuge
227 656 385 719 mulierum
400 663 430 718 et
441 673 615 737 puerorum,
637 655 759 718 vastatio
775 657 919 720 domuum
934 665 1003 720 ante
1017 665 1132 740 partam
1147 667 1204 723 ate

144 741 297 806 victoriam
317 761 402 812 saeva
422 749 509 822 atque
529 739 657 803 crudelia
676 739 775 803 erant!
801 741 838 804 ad
854 761 928 823 quae
939 749 969 804 te
984 743 1063 806 idem
1077 745 1119 807 illi
1132 745 1206 808 hor-t
1226 757 1241 810 3

109 835 124 884 5
145 833 262 890 tanturt
280 827 327 905 [et]
339 825 450 890 scilieet
460 826 489 887 id
501 831 646 888 certatum
658 845 731 900 esse,
746 827 842 888 utrius
853 834 985 890 vestrum
995 829 1115 892 arbitrio
1127 829 1205 894 iniu-

144 912 205 974 riae
219 912 333 984 fierent,
348 929 444 990 neque
458 917 607 990 receptam
621 910 673 971 sed
688 918 803 991 captam
817 931 834 974 a
848 919 878 974 te
892 931 956 974 rem
972 913 1120 993 publicam
1132 921 1161 976 et
1173 934 1206 977 ea

145 1015 239 1059 causa.
254 995 398 1058 exeroitus
416 995 569 1076 stipendiis
590 995 730 1056 confectis
750 997 877 1076 optimos
898 1004 928 1060 et
948 999 1121 1060 veterrimos
1138 1017 1204 1060 om-

144 1082 229 1144 nium
240 1081 396 1143 advorsum
407 1080 511 1142 fratres
522 1079 708 1160 parentisque
721 1080 777 1158 [alii
788 1081 904 1158 liberos]
917 1083 1005 1161 armis
1014 1085 1204 1161 contendere3

144 1175 179 1230 ut
199 1186 235 1228 ex
254 1165 354 1228 alienis
375 1165 459 1227 malis
482 1165 643 1227 deterrumi
661 1165 800 1228 mortales
819 1167 914 1228 ventri
934 1175 1022 1248 atque
1041 1168 1204 1249 profundae

93 1258 124 1308 10
144 1250 276 1314 lubidini
294 1259 431 1331 sumptus
456 1256 630 1330 quaererent
655 1257 742 1328 atque
767 1259 865 1312 essent
884 1251 1039 1334 obprobria
1058 1253 1204 1328 victoriae,

146 1353 274 1416 quorum
293 1335 408 1416 flagitiis
429 1334 693 1396 commacularetur
706 1335 854 1398 honorum
869 1336 941 1398 laus.
971 1339 1161 1417 nequeenim
1174 1345 1204 1400 te
1224 1353 1241 1402 4

145 1421 303 1502 praeterire
323 1427 410 1502 puto,
429 1419 507 1500 quali
527 1419 648 1498 quisque
668 1437 772 1480 eorum
792 1439 875 1482 more
890 1427 941 1482 eut
955 1421 1099 1484 modestia
1115 1423 1204 1484 etiam

144 1513 211 1566 tum
233 1504 321 1566 dubie
339 1504 459 1567 victoria
477 1523 543 1566 sese
562 1503 684 1583 gesserit
703 1522 822 1585 quoque
841 1505 930 1566 modo
950 1506 981 1568 in
995 1507 1062 1568 belli
1077 1507 1203 1570 admini-

145 1589 287 1652 stratione
301 1597 398 1652 scorta
412 1595 463 1650 aut
473 1588 602 1651 convivia
617 1589 800 1650 exercuerint
815 1607 876 1651 non
886 1589 967 1663 nulli,
985 1607 1111 1670 quorum
1123 1599 1203 1654 aetas

95 1683 125 1734 15
147 1690 184 1738 ne
199 1694 253 1756 per
267 1675 362 1738 otium
378 1674 496 1755 quidem
511 1674 575 1735 telis
591 1673 746 1754 voluptatis
760 1671 823 1736 sine
839 1673 982 1736 dedecore
996 1675 1153 1755 attingerit.

231 1760 272 1820 lle
293 1759 369 1821 hello
385 1758 456 1821 satis
470 1759 590 1821 dictum.
620 1759 656 1818 de
670 1777 740 1837 pace
755 1759 898 1820 firmanda
913 1759 1053 1839 quoniam
1067 1768 1160 1840 tuque
1175 1765 1206 1824 et
1225 1767 1245 1825 5

147 1861 250 1906 omnes
269 1845 314 1905 tui
332 1843 461 1924 agitatis,
481 1843 612 1922 primum
633 1842 675 1915 id,
700 1861 823 1921 quaeso,
846 1843 996 1905 considera
1016 1845 1100 1924 quale
1116 1845 1154 1906 sit
1168 1844 1204 1906 de

67 2002 69 2006 y
147 1947 206 2008 qno
227 1927 389 1990 consultas:
411 1927 451 1988 ita
469 1927 555 1988 bonis
574 1926 717 2006 malisque
732 1927 850 1988 dimotis
864 1928 975 2007 petenti
990 1929 1034 1988 via
1050 1929 1086 1989 ad
1100 1947 1204 1992 verum

146 2033 259 2096 perges.
290 2033 343 2094 ego
362 2013 405 2074 sic
424 2012 576 2074 existimo:
598 2011 737 2091 quoniam
760 2019 823 2072 orta
844 2011 942 2073 omnia
963 2012 1125 2088 intereunt,
1147 2031 1240 2094 quas

93 2109 125 2158 20
146 2104 322 2178 tempestate
336 2097 402 2160 urbi
416 2097 566 2159 Romanae
580 2095 675 2158 fatum
690 2095 793 2157 excidii
807 2096 979 2169 adventarit,
996 2098 1065 2160 ciris
1080 2117 1149 2162 oum
1160 2099 1202 2161 ci·

64 2219 68 2224 ·
146 2183 230 2246 viltus
241 2200 347 2244 manus
358 2189 554 2254 conserturos,
566 2180 607 2242 ite
618 2180 750 2246 defessos
761 2188 791 2242 et
801 2181 955 2262 exsanguis
965 2182 1083 2264 regiaut
1091 2183 1203 2246 nationi

146 2268 270 2349 praedae
284 2267 410 2330 futuros.
440 2267 522 2328 aliter
536 2283 597 2328 non
612 2265 691 2326 orbis
706 2271 851 2328 terrerum
862 2284 958 2348 neque
969 2274 1091 2330 cunctas
1102 2273 1204 2348 gentes

147 2353 337 2432 conglobatae
354 2369 472 2414 movere
492 2356 542 2412 aut
562 2350 743 2412 contundere
758 2359 870 2431 queunt
884 2352 942 2412 hoo
956 2351 1122 2432 imperium.
1152 2353 1203 2414 fir·
1225 2372 1241 2422 a

147 2439 254 2499 manda
268 2437 358 2516 igitur
371 2442 441 2496 sunt
455 2435 500 2496 vel
515 2434 688 2497 concordiae
702 2435 779 2496 hona
794 2442 824 2496 et
838 2435 1000 2497 discordiae
1013 2436 1090 2498 mala
1105 2436 1203 2516 espel-

92 2535 124 2588 25
145 2523 240 2585 lenda.
264 2521 294 2583 id
308 2521 348 2583 ita
359 2519 481 2593 eveniet,
497 2520 522 2581 si
533 2526 708 2600 sumptuum
719 2527 749 2582 et
759 2519 929 2598 rapinarum
940 2519 1087 2582 licentiam
1100 2519 1205 2600 demp·
1225 2541 1242 2592 4

144 2607 228 2680 seris,
240 2623 302 2668 non
313 2607 349 2668 ad
359 2612 459 2680 vetera
469 2605 604 2667 instituta
613 2621 762 2676 revocans,
778 2622 853 2684 quae
863 2603 922 2666 iam
933 2604 1049 2686 pridem
1060 2603 1204 2684 corruptis

145 2691 278 2754 moribus
290 2690 416 2754 ludibrio
428 2697 507 2761 sunt,
519 2689 571 2752 sed
582 2689 608 2750 si
619 2707 703 2751 suem
715 2688 843 2769 quoique
854 2707 917 2750 rem
928 2689 1103 2751 familiarem
1114 2689 1204 2752 finem

144 2782 319 2856 sumptuum
329 2774 481 2836 statueris:
495 2773 633 2854 quoniam
646 2773 671 2834 is
683 2773 800 2836 incessit
811 2791 885 2845 mos,
897 2779 932 2835 ut
941 2773 1078 2836 hemines
1089 2772 1204 2836 adules-
1226 2785 1241 2835 ὅ

146 2860 255 2923 centuli
269 2879 321 2922 sue
336 2866 424 2940 atque
439 2858 532 2920 aliena
546 2875 729 2931 consumere,
745 2857 818 2918 nihil
832 2857 960 2919 libidinei
974 2866 1062 2938 etque
1077 2857 1139 2920 aliis
1153 2876 1204 2920 ro-

93 2959 126 3010 st)
145 2943 282 3026 gentihus
297 2945 439 3024 denegare
453 2942 684 3023 pulcherrimum
694 2949 807 3023 putent,
824 2961 889 3004 eam
900 2941 1038 3004 virtutem
1050 2949 1080 3004 et
1090 2941 1204 3023 magni·
1266 2983 1272 2994 -

144 3029 278 3092 tudinem
298 3029 402 3101 enimi,
426 3027 570 3108 pudorem
590 3034 676 3106 atque
697 3026 874 3088 modestiam
896 3045 950 3108 pro
968 3026 1102 3092 socordia
1117 3027 1204 3090 aesti-

145 3121 238 3178 ment.
269 3132 337 3196 ergo
352 3114 469 3176 enimus
483 3113 567 3174 ferox
579 3129 667 3192 prava
682 3111 726 3172 via
740 3111 902 3190 ingressus,
924 3111 975 3173 ubi
990 3121 1130 3174 consueta
1143 3129 1206 3173 non
1225 3123 1241 3173 6

145 3205 315 3280 suppetunt,
331 3199 426 3260 fertur
439 3214 578 3259 accensus
594 3197 624 3258 in
638 3195 732 3258 socios
748 3195 837 3258 modo
852 3195 941 3257 modo
956 3197 988 3256 in
1003 3196 1087 3268 civis,
1103 3203 1203 3258 movet

147 3284 309 3366 composito
330 3289 360 3344 et
379 3301 426 3346 res
446 3299 536 3344 novas
557 3279 703 3342 veteribus
723 3279 856 3360 acquirit.
887 3297 977 3359 quare
996 3279 1205 3341 tollendusest
1225 3294 1239 3342 t

94 3380 125 3431 35
147 3371 297 3432 fenerator
315 3368 347 3428 in
365 3370 532 3448 posterum,
555 3365 598 3427 uti
620 3383 687 3426 sues
707 3365 831 3444 quisque
850 3381 897 3425 res
912 3381 1059 3425 curemus.
1089 3381 1205 3425 cavera
1226 3376 1241 3426 s

147 3462 236 3533 atque
250 3452 375 3532 simplex
391 3453 435 3514 via
448 3457 510 3523 est,
526 3449 729 3529 magistratum
743 3447 863 3528 populo,
878 3465 939 3508 non
954 3447 1091 3510 creditori
1105 3463 1205 3528 gerere

148 3547 177 3600 et
196 3537 429 3617 magnitudinem
455 3534 546 3596 animi
565 3533 596 3595 in
616 3533 747 3595 addendo
769 3549 830 3594 non
848 3532 994 3594 demendo
1013 3530 1206 3612 reipublicae

148 3621 329 3788 ostenlllle
348 3725 402 3786 ego
423 3704 484 3767 seio
506 3720 595 3784 quam
616 3717 717 3782 aspera
736 3701 808 3762 haec
826 3717 873 3762 res
894 3699 925 3762 in
944 3699 1086 3782 principio
1105 3698 1205 3762 futura
1225 3707 1245 3765 d

216 3859 231 3908 5
251 3853 394 3976 ctdelectlp
413 3855 428 3906 8
447 3855 492 3906 alii
507 3853 602 3905 liberos
619 3851 700 3903 deleot'
709 3847 720 3918 ΙΙ
739 3849 770 3901 12
821 3850 869 3916 olis,
884 3850 912 3904 V
925 3849 936 3920 ΙΙ
955 3851 985 3902 17
998 3850 1071 3918 quale
1087 3850 1122 3901 sit
1135 3847 1206 3902 Orel-

149 3929 207 3990 liuo,
222 3925 304 3993 qualis
317 3925 351 3976 sit
402 3920 413 3990 ΙΙ
425 3922 458 3974 20
477 3921 540 3973 ciuis
552 3921 588 3985 (ui
599 3923 626 3972 iae
637 3919 741 3983 rasura)
755 3918 784 3971 V
815 3919 849 3970 24
860 3920 910 3984 uel]
924 3926 950 3972 ct
964 3917 1066 3971 eortius
1078 3915 1088 3984 l
1101 3917 1133 3968 32
1146 3933 1205 3968 con-

149 4001 256 4050 suexuta
268 3995 317 4055 (xa
333 3991 438 4044 inducit
472 3992 540 4042 νίηια
550 3991 596 4054 m.)
608 3989 638 4041 V
651 3986 661 4054 ΙΙ
674 3986 708 4038 34
725 3987 834 4054 acquirit
845 3989 948 4053 Laetus,
959 4000 1004 4037 aee
1017 3985 1140 4076 qouquirit
1153 3983 1208 4048 (sod

149 4065 203 4114 aie
215 4077 259 4114 aec
270 4063 298 4112 in
309 4058 415 4122 rasura)
465 4057 473 4126 ll
484 4057 515 4108 37
534 4059 568 4122 in]
580 4057 616 4124 es.
626 4073 654 4124 p.
667 4054 755 4118 136‚6'
