2854 4678
463 353 506 405 nn
524 354 630 406 annno
649 353 856 406 mcuavrurve
942 391 946 401 .
1150 357 1190 418 95

128 508 179 588 qui
194 507 293 570 forent
307 515 448 588 quattuor
462 509 656 582 centuriones,
673 510 827 589 omnisque
841 507 941 587 Liguri
956 525 1057 588 parere
1070 508 1151 571 iubet
1162 519 1192 573 et

127 594 153 654 ei
164 593 283 672 negotio
298 612 476 672 proxumum
490 594 567 654 diem
583 595 745 656 constituit.
768 595 819 654 sed
833 593 884 654 ubi
896 613 932 654 ex
946 601 1102 674 praecepte
1113 603 1191 657 tem-
1212 595 1253 657 94

127 697 182 756 pus
197 679 309 751 visum,
330 679 439 757 paratis
455 680 672 758 conpositisque
689 679 826 740 omnibus
841 679 877 738 ad
894 679 991 739 lecum
1008 679 1110 758 pergit.
1141 700 1190 742 ee-

127 771 225 824 terum
241 763 291 835 illi,
308 764 357 842 qui
373 781 390 822 e
405 764 543 824 centuriis
559 773 656 836 eraut,
683 764 832 843 praedocti
847 763 883 822 ab
899 764 972 824 duce
999 783 1080 824 arma
1101 783 1189 826 orna-

90 866 106 913 5
127 855 252 927 tumque
266 855 464 917 mutaverant,
485 849 578 926 eapite
593 856 680 927 atque
697 848 819 927 pedibus
834 847 945 920 nudis,
956 847 1001 909 uti
1017 858 1189 928 prospectus

125 933 266 1011 nisusque
286 951 340 1011 per
354 951 422 993 saxa
436 933 549 994 facilius
564 933 658 994 feret:
675 952 764 1012 super
778 942 858 1010 terga
873 933 959 1012 gladii
974 940 1004 993 et
1019 942 1115 1005 scuta,
1138 954 1188 994 ve-

125 1034 193 1076 rum
211 1035 244 1076 ea
259 1017 413 1078 Numidica
428 1036 463 1077 ex
478 1017 578 1090 coriis,
595 1018 732 1096 ponderis
747 1017 838 1096 gratia
854 1017 942 1077 simul
957 1025 987 1078 et
1003 1019 1112 1079 offensa
1129 1039 1193 1098 quo

125 1101 217 1161 levius
232 1109 406 1181 streperent.
438 1101 526 1180 igitur
539 1103 743 1181 praegrediens
758 1102 847 1180 Ligus
862 1119 930 1162 saxa
945 1107 975 1162 et
990 1101 1090 1180 siquae
1102 1111 1186 1164 vetu-
1208 1122 1223 1173 2

125 1192 187 1246 stae
206 1187 319 1246 radices
346 1187 514 1248 eminebant
529 1187 640 1266 laqueis
655 1187 807 1258 vinciebat,
824 1186 929 1265 quihus
944 1187 1065 1247 adlevati
1080 1187 1188 1249 milites

71 1285 103 1334 10
124 1271 238 1332 facilius
260 1272 466 1343 escenderent,
486 1271 634 1332 interdum
656 1272 775 1332 timidos
797 1271 951 1332 insolentia
966 1271 1078 1331 itineris
1094 1272 1187 1334 levare

124 1373 225 1427 manu,
241 1355 292 1416 ubi
307 1356 400 1435 paule
410 1356 540 1436 asperior
553 1373 691 1416 ascensus
706 1364 777 1428 erat,
791 1355 919 1434 singulos
931 1374 1000 1434 prae
1012 1374 1043 1414 se
1056 1356 1186 1418 inermes

124 1439 256 1512 mittere,
279 1441 383 1501 deinde
399 1441 461 1518 ipse
477 1459 545 1501 eum
561 1441 679 1502 illerum
694 1441 783 1502 umis
799 1440 897 1518 sequi,
919 1458 993 1518 quae
1008 1439 1095 1501 dubia
1109 1442 1186 1502 nisui

123 1524 298 1584 videbantur
312 1525 494 1604 potissumus
509 1533 654 1604 temptare
671 1545 704 1586 ac
721 1525 835 1604 saepius
847 1525 950 1586 eadem
963 1525 1122 1585 ascendens
1134 1527 1185 1586 de-

123 1609 340 1688 scendensque,
362 1611 429 1670 dein
450 1611 550 1671 statim
570 1610 748 1688 digrediens,
770 1609 875 1669 ceteris
897 1608 1048 1668 audaciam
1069 1609 1184 1672 addere.

70 1707 100 1755 15
123 1693 212 1772 igitur
233 1694 283 1754 diu
303 1695 491 1773 multumque
509 1695 619 1773 fatigati
640 1695 759 1755 tandem
782 1695 812 1753 in
836 1693 987 1754 castellum
1001 1695 1184 1771 perveniunt,
1206 1703 1221 1752 3

123 1778 274 1838 desertum
297 1779 332 1840 ab
352 1797 385 1840 ea
405 1787 503 1860 parte,
526 1779 603 1858 qued
620 1796 723 1839 omnes
739 1779 814 1840 sieut
829 1777 892 1838 aliis
907 1777 1010 1838 diebus
1027 1777 1184 1840 advorsum

122 1863 217 1924 hostis
237 1863 366 1924 aderant.
396 1863 505 1924 Marius
523 1865 573 1924 ubi
594 1882 629 1923 ex
645 1863 755 1924 nuntiis
769 1881 842 1942 quae
856 1862 944 1940 Ligus
960 1869 1058 1941 egerat
1073 1881 1183 1941 cogne-

122 1947 173 2018 vit‚
191 1965 371 2026 quamquam
386 1955 449 2009 teto
466 1949 511 2008 die
527 1949 657 2008 intentes
672 1948 783 2028 proelio
799 1947 940 2007 Numidas
955 1947 1105 2018 habuerat,
1118 1955 1184 2008 tum

121 2049 191 2092 vere
207 2033 378 2092 cohortatus
392 2033 501 2093 milites
516 2041 546 2093 et
569 2032 632 2111 ipse
648 2040 730 2093 extra
750 2032 846 2092 vineas
867 2049 1014 2110 egressus,
1036 2033 1183 2093 testudine

66 2127 100 2176 20
122 2123 186 2176 acta
207 2117 363 2177 succedere
385 2125 415 2177 et
434 2118 522 2177 simul
536 2119 654 2178 hostem
668 2117 824 2177 tormentis
839 2115 1053 2194 sagittariisque
1068 2123 1098 2175 et
1113 2117 1182 2176 lun-

123 2200 268 2260 diteribus
283 2201 399 2262 eminus
413 2210 534 2263 terrere.
565 2209 594 2262 at
609 2202 752 2264 Numidae
767 2220 852 2280 saepe
868 2209 952 2262 antea
967 2199 1058 2260 vineis
1070 2200 1181 2263 Roma·
1201 2209 1218 2260 4

121 2302 230 2346 norum
245 2285 393 2346 subversis
408 2287 479 2348 item
495 2286 635 2358 incensis,
651 2303 712 2346 nen
728 2286 838 2348 castelli
852 2284 1007 2346 moenibus
1022 2304 1086 2345 sese
1102 2293 1181 2348 tuta-

123 2369 242 2442 bantur,
259 2371 309 2430 sed
321 2390 376 2450 pre
391 2390 478 2432 mure
495 2371 555 2432 dies
570 2371 723 2450 noctisque
739 2372 856 2450 agitare,
873 2371 949 2432 male
961 2371 1056 2430 dicere
1068 2369 1182 2446 ‘Rema—

121 2454 167 2514 nis
182 2474 217 2515 ac
226 2454 317 2515 Mario
329 2456 495 2516 vecordiam
507 2455 661 2528 obiectare,
674 2456 816 2516 militibus
827 2455 937 2515 nestris
948 2454 1105 2532 Iugurthae
1118 2475 1181 2515 ser-

66 2554 99 2602 25
122 2539 226 2599 vitium
237 2539 351 2612 minari,
367 2541 503 2602 secundis
517 2541 606 2600 rebus
617 2540 730 2600 feroces
743 2559 816 2600 esse.
839 2539 957 2598 interim
970 2538 1108 2598 omnibus
1119 2540 1181 2599 Re·
1203 2546 1217 2595 5

120 2624 216 2684 manis
232 2625 427 2704 hostibusque
443 2625 554 2704 proelio
566 2625 695 2696 intentis,
711 2641 817 2702 magna
828 2623 977 2701 utrimque
988 2622 1017 2682 vi
1028 2639 1082 2701 pro
1092 2623 1181 2700 gloria

119 2715 206 2788 atque
226 2708 351 2788 imperio
367 2710 412 2770 his
428 2710 484 2770 illis
498 2728 552 2789 pre
570 2709 662 2770 salute
679 2708 858 2769 certantibus
873 2712 994 2786 repente
1009 2726 1025 2766 a
1040 2713 1123 2785 tergo
1140 2708 1182 2768 si·

118 2810 174 2871 gna
192 2811 311 2854 canere:
328 2813 362 2854 ae
375 2795 471 2874 prime
486 2795 624 2854 mrdieres
640 2799 668 2854 et
682 2794 776 2873 pueri,
793 2793 842 2870 qui
856 2793 952 2852 visum
967 2799 1180 2870 precesserant,

117 2877 226 2957 lugere,
243 2878 347 2940 deinde
361 2879 405 2940 uti
420 2879 543 2958 quisque
559 2897 646 2939 muro
660 2877 823 2958 proxumus
838 2883 909 2949 erat,
921 2883 1071 2955 pestremo
1082 2877 1181 2938 cuncti

64 2976 97 3026 30
117 2963 223 3024 armati
237 2963 432 3042 inermesque.
463 2965 542 3042 qued
557 2963 607 3024 ubi
622 2963 739 3036 accidit,
755 2982 791 3023 ee
807 2961 902 3023 aerius
917 2961 1043 3024 Romani
1058 2961 1177 3034 instare,
1200 2973 1216 3022 6

51 3095 57 3106 .
117 3047 242 3108 fundere
262 3067 296 3108 ac
311 3048 466 3128 pleresque
480 3056 597 3109 tantum
613 3048 703 3108 mode
718 3046 864 3118 sauciare,
880 3047 947 3107 dein
962 3064 1050 3124 super
1065 3046 1179 3107 occise-

117 3149 185 3193 mm
202 3151 326 3212 corpora
340 3134 455 3206 vadere,
471 3133 546 3194 avidi
561 3134 668 3212 gloriae
683 3139 828 3193 certantes
840 3149 960 3192 murum
973 3138 1072 3210 petere
1085 3149 1180 3208 neque

118 3235 297 3295 quemquam
310 3218 443 3278 emnium
458 3217 564 3296 praeda
577 3217 695 3278 merari.
719 3217 761 3277 sic
771 3218 848 3277 ferte
860 3223 991 3278 correcta
1001 3215 1073 3276 llari
1084 3221 1178 3274 teme-

117 3301 186 3362 ritas
203 3301 325 3380 gloriam
341 3321 375 3362 ex
391 3303 476 3382 culpa
491 3302 610 3362 invenit.

65 3399 96 3450 35
203 3386 341 3447 Ceterum
357 3388 428 3448 dum
443 3406 477 3448 ea
491 3405 538 3447 res
552 3387 675 3464 geritur,
692 3385 724 3444 L.
739 3385 819 3445 Sulla
834 3391 972 3462 quaestor
987 3399 1055 3441 cum
1070 3398 1175 3459 magne
1197 3383 1240 3444 95

186 3603 201 3652 2
219 3610 328 3670 temptes
341 3605 366 3653 P
376 3601 414 3671 114
434 3605 475 3669 qui
488 3603 623 3654 ceanturiis
636 3611 709 3653 erant
722 3603 754 3666 P,
764 3601 832 3668 qued
841 3599 950 3666 defendi
956 3603 1050 3667 petest,
1064 3599 1106 3664 qui
1118 3613 1175 3648 een-

117 3671 191 3722 turiis
205 3671 254 3733 (cel
264 3679 289 3722 et
299 3672 436 3734 centuriae)
447 3678 583 3736 praeerant
594 3671 728 3738 epraeter
736 3685 841 3738 paucos,
854 3672 880 3718 te
892 3671 984 3734 quibus
996 3667 1037 3734 qui
1047 3668 1177 3716 ascensuri

119 3745 190 3789 erant
201 3743 249 3788 aut
259 3744 319 3789 ente
331 3743 508 3790 correcturum
519 3739 574 3805 fue't
585 3742 631 3788 aet
642 3742 711 3788 ieter·
721 3754 812 3789 cereus
820 3737 989 3803 adermptum,
1001 3738 1086 3800 itaque
1099 3739 1138 3783 eet
1149 3737 1176 3784 in

118 3821 142 3854 z:
155 3807 196 3871 qui
209 3807 339 3856 escensuri
351 3813 425 3856 erant
437 3806 527 3856 Cerito
544 3805 554 3872 ΙΙ
573 3811 586 3853 e
604 3813 753 3872 prospectus
765 3823 800 3856 ese
816 3803 945 3871 prefectus
963 3802 972 3872 11
988 3805 1016 3852 11
1036 3817 1096 3868 prae
1109 3802 1175 3866 seC,

117 3888 161 3938 per
174 3888 201 3923 se
212 3873 261 3940 pc,
273 3891 319 3939 pro
333 3890 361 3924 sa
373 3876 396 3924 P
408 3872 417 3941 11
433 3874 463 3922 12
482 3875 584 3924 illerum
597 3874 624 3937 C,
635 3875 743 3924 alierum
756 3875 781 3923 P
791 3871 800 3940 ΙΙ
816 3874 847 3924 14
864 3873 1012 3938 degrediens
1024 3872 1048 3920 P
1059 3869 1069 3938 ss
1084 3871 1113 3918 17
1133 3886 1175 3918 ce-

118 3949 231 4003 gneuerst
249 3943 351 4006 (fuitne
371 3944 555 4006 cognouerat?)
573 3941 617 4010 Pil
633 3942 663 3992 18
681 3949 764 4008 totap
783 3940 792 4008 ΙΙ
814 3941 843 3990 19
861 3955 978 4004 egressus
994 3939 1024 4001 C,
1042 3951 1174 4000 regressus

117 4009 165 4141 ἧς
171 4007 180 4076 fl
194 4016 234 4059 est
245 4013 306 4058 arete
317 4009 404 4060 uinces
416 4012 534 4060 inserent
546 4009 597 4072 PC,
607 4014 668 4076 poet
679 4011 765 4058 uineas
778 4005 817 4075 011
831 4009 860 4057 rt
875 4015 975 4058 terrere
987 4023 1022 4056 ecc
1033 4009 1144 4054 terreret
1153 4004 1179 4052 P

185 4085 303 4141 correpta
316 4079 339 4127 P
