2846 4682
242 359 262 422 5
610 355 637 408 c.
650 355 810 409 33333333
828 353 930 407 333333

241 511 378 586 credibile
390 517 557 573 memoratu
568 519 613 572 est
624 529 712 591 quam
723 511 806 573 facile
817 512 993 574 coaluerint:
1003 512 1044 572 ita
1051 511 1131 573 brevi
1138 498 1296 574 mdltitudo

204 611 219 662 3
241 597 373 678 dispersa
393 603 479 678 atque
501 614 571 678 vaga
590 597 745 658 concordia
759 597 864 659 'civitas
883 599 959 659 lacta
974 603 1043 658 erat.
1074 598 1126 658 sed
1140 605 1297 678 postquam

240 701 288 743 res
308 699 413 743 eorum
433 681 542 744 civibus
563 681 696 744 moribus
716 682 792 762 agris
807 689 905 756 aucta,
927 667 1000 743 satid
1011 701 1152 762 prospera
1168 683 1296 764 satisque

240 767 354 847 pollens
374 767 539 839 videbatur,
560 768 646 828 sicuti
665 769 804 847 pleraque
823 767 993 830 mortalium
1007 767 1167 841 habentur,
1189 768 1298 830 invidia

203 871 220 920 4
241 871 277 912 er
292 853 440 932 opulentia
455 859 519 913 orta
532 860 586 913 est.
609 853 699 932 igitur
711 871 793 932 reges
805 851 964 934 populique
975 853 1101 914 finitumi
1112 853 1188 914 bello
1199 861 1296 934 temp·
1318 869 1334 917 5

240 943 316 1010 tare,
337 938 423 1018 pauci
442 957 477 1000 ex
496 937 597 998 amicis
617 937 723 998 auxilio
745 957 825 998 esse:
846 957 916 998 uam
936 939 1024 999 ceteri
1042 945 1125 1000 metu
1138 939 1298 1019 perculsia

203 1037 218 1087 5
239 1022 376 1102 periculis
397 1023 527 1084 aberant.
557 1030 587 1083 at
601 1023 727 1085 Romani
742 1023 822 1083 domi
835 1023 1014 1103 militiaeque
1029 1024 1134 1084 intenti
1147 1025 1310 1097 1333133333,-

240 1126 356 1189 parare,
379 1107 452 1168 alius
468 1107 557 1168 aliurn
571 1108 698 1180 hortari,
719 1107 853 1168 hostibus
870 1108 985 1170 obviam
999 1109 1050 1182 ire,
1066 1109 1231 1170 libertatem
1245 1129 1298 1189 pa-

143 1194 148 1212 *
240 1193 327 1254 triam
348 1193 536 1272 parentisque
556 1193 646 1254 armis
671 1200 778 1272 tegere.
809 1200 878 1273 post
896 1193 948 1254 ubi
961 1193 1089 1272 pericula
1104 1194 1211 1256 virtute
1226 1213 1298 1275 pro-

239 1279 386 1358 pulerant,
401 1278 488 1339 sociis
503 1285 590 1358 atque
604 1277 705 1340 amicis
725 1277 829 1339 auxilia
843 1279 1009 1358 portabant,
1025 1279 1176 1360 magisque
1193 1279 1296 1341 dandis
1320 1290 1352 1339 10

204 1377 220 1428 3
242 1381 329 1443 quam
345 1363 522 1443 accipiundis
536 1363 677 1424 benidoiis
693 1363 834 1424 amicitias
849 1363 999 1443 parabant.
1023 1364 1180 1444 imperium
1191 1365 1297 1444 legitu-

241 1468 338 1522 mum‚
360 1465 469 1509 nomeu
490 1447 595 1528 imperi
614 1449 728 1529 regium
743 1449 898 1510 habebant.
929 1447 1049 1522 delecti,
1069 1449 1175 1529 quibus
1190 1463 1297 1529 corpus

241 1533 326 1595 annis
346 1533 512 1606 infirmum,
534 1533 685 1614 ingenium
702 1534 845 1614 sapientia
864 1534 990 1594 validum
1007 1541 1083 1607 erat,
1104 1533 1298 1614 reipublicae

139 1663 141 1668 .
241 1615 459 1680 consultabant:
478 1619 504 1679 ei
518 1620 563 1680 vel
578 1627 672 1681 aetate
686 1620 732 1681 vel
747 1638 833 1680 curae
848 1619 1040 1681 similitudine
1054 1627 1152 1699 patres
1167 1621 1297 1700 appella·

205 1719 219 1770 7
240 1703 357 1766 bantur.
392 1712 460 1784 post
484 1703 535 1766 ubi
554 1701 667 1785 regium
687 1705 858 1784 imperium,
879 1706 959 1784 quod
978 1705 1061 1766 initio
1082 1706 1296 1766 conservandae
1320 1714 1350 1763 15

241 1789 382 1851 libertatis
402 1799 488 1869 atque
508 1791 656 1869 augendae
678 1791 721 1851 rei
736 1790 866 1870 publicae
881 1791 992 1862 fuerat,
1014 1791 1045 1850 in
1059 1790 1226 1870 superbiam
1242 1791 1296 1850 do-

240 1875 491 1954 minationemque
513 1894 545 1935 se
565 1876 725 1949 convertit,
745 1876 891 1936 inmutato
907 1893 989 1936 more
1004 1893 1101 1936 annua
1115 1874 1237 1954 imperia
1251 1875 1297 1935 bi-

240 1978 353 2038 nosque
368 1960 559 2039 imperatores
575 1961 630 2020 sibi
640 1961 751 2022 fecere:
764 1979 799 2021 eo
811 1961 901 2020 modo
913 1960 1044 2021 minume
1055 1979 1143 2042 posse
1154 1960 1297 2040 putabant

240 2063 293 2124 per
306 2045 454 2105 licentiam
468 2045 643 2106 insolescere
659 2045 790 2104 animum
805 2045 980 2105 humanum.
1414 2097 1415 2100 ,

200 2138 219 2197 7
326 2129 384 2189 Sed
405 2149 438 2188 ea
457 2136 631 2208 tempestate
648 2148 769 2208 coepere
784 2148 815 2188 se
831 2130 955 2208 quisque
970 2128 1062 2207 magis
1076 2129 1216 2190 extollere
1230 2147 1296 2190 ma·
1317 2135 1350 2184 20

204 2228 219 2276 2
241 2214 342 2292 gisque
363 2213 512 2292 ingenium
533 2214 564 2274 in
584 2221 725 2294 promptu
744 2213 861 2274 habere.
892 2231 961 2274 nam
982 2213 1097 2292 regibus
1116 2213 1186 2274 boni
1207 2234 1295 2294 quam

241 2297 512 2378 malisuspectiores
520 2306 598 2371 sunt,
609 2317 783 2377 semperque
791 2298 833 2359 eis
842 2297 934 2358 aliena
943 2299 1034 2360 virtus
1042 2297 1295 2361 formidulosaest.
1380 2307 1385 2318 ’

205 2395 219 2443 3
241 2382 292 2442 333
318 2383 418 2445 civitas
439 2383 607 2444 incredibile
627 2390 793 2444 memoratu
813 2392 857 2444 est
878 2383 982 2463 adepta
1000 2383 1133 2443 libertate
1152 2391 1296 2461 qnantum

204 2479 220 2528 3
242 2467 321 2528 brevi
337 2468 472 2530 creverit:
489 2476 571 2530 tanta
586 2469 692 2548 cupido
708 2469 813 2546 gloriae
828 2469 995 2530 incesserat.
1026 2468 1084 2528 iam
1100 2468 1231 2548 primum
1248 2469 1295 2529 iu·

241 2561 358 2625 ventus,
378 2553 466 2614 simul
486 2573 520 2614 ac
540 2554 607 2614 belli
625 2553 738 2633 patiens
760 2562 837 2626 erat,
861 2555 893 2613 in
912 2554 1013 2614 castris
1027 2571 1080 2632 per
1095 2553 1224 2614 laborem
1239 2573 1296 2615 usu
1318 2560 1350 2610 25

241 2638 375 2700 militiam
391 2639 528 2712 discebat,
543 2639 692 2720 magisque
707 2639 866 2700 indecoris
881 2638 969 2698 armis
984 2645 1014 2698 et
1028 2638 1202 2700 militaribus
1214 2639 1297 2719 equis
1412 2693 1413 2698 ,

205 2737 220 2787 5
241 2743 329 2804 quam
350 2725 381 2785 in
394 2725 499 2786 scortis
514 2733 602 2804 atque
617 2725 753 2786 conviviis
768 2723 928 2785 lubidinem
941 2723 1098 2785 habebant.
1128 2724 1216 2803 igitur
1229 2723 1296 2786 tali·

241 2807 295 2869 bus
314 2809 382 2871 viris
393 2828 466 2871 non
485 2810 567 2874 labor
586 2809 738 2881 insolitus,
760 2826 821 2870 non
835 2807 916 2876 locus
931 2809 1008 2870 ullus
1023 2827 1108 2888 asper
1122 2815 1172 2868 aut
1187 2809 1296 2868 arduus
1410 2707 1413 2904 1

242 2901 316 2966 3333,
336 2911 398 2955 333
411 2902 541 2956 armatus
556 2895 650 2956 hostis
665 2895 892 2956 formidulosus:
909 2893 1001 2954 virtus
1017 2893 1115 2953 omnia
1130 2893 1293 2954 domuerat.

206 2994 221 3042 6
241 2979 293 3038 333
307 2978 414 3057 gloriae
430 2998 602 3040 maxumum
618 2987 767 3040 certamen
781 2979 859 3040 inter
872 2979 951 3059 ipsos
966 2985 1044 3039 erat:
1061 2995 1093 3037 se
1105 2977 1227 3056 quisque
1238 2977 1295 3037 ho·
1317 2989 1350 3040 33
1411 3045 1412 3064 p

242 3071 318 3124 stem
332 3064 428 3136 ferire,
445 3071 566 3125 murum
580 3065 750 3136 ascendere,
767 3065 908 3144 conspici,
930 3065 1002 3124 dum
1021 3063 1077 3124 tale
1093 3062 1205 3131 lacinus
1216 3063 1298 3124 lace·

241 3155 302 3221 ret,
324 3150 514 3228 properabat;
537 3169 585 3210 eas
607 3149 734 3223 divitias,
755 3169 821 3211 earn
842 3150 950 3210 bonam
969 3149 1079 3210 famam
1100 3165 1297 3228 magnamque
1411 3121 1412 3196 l

311 3420 321 3470 1
343 3423 379 3474 ita
390 3421 464 3472 brevi
477 3423 609 3474 multitudo
626 3424 727 3474 diuersa
744 3432 818 3490 atque
830 3438 893 3487 uaga
906 3420 1041 3472 concordia
1053 3420 1144 3472 ciuitas
1160 3419 1229 3473 13333
1241 3429 1297 3472 3333

240 3506 262 3552 z,
275 3503 325 3538 ora.
338 3491 396 3550 Pa·
407 3493 573 3558 Augustinus
583 3495 658 3560 epist.
668 3492 726 3558 138,
736 3492 765 3543 93
778 3492 843 3558 apud
855 3506 898 3542 333
911 3489 1053 3556 (gentiles)
1063 3489 1099 3540 ita
1110 3485 1297 3574 legitur‘breui

241 3556 373 3609 multitudo
399 3560 513 3626 dispersu
537 3569 611 3626 utque
637 3576 702 3624 uaga
722 3559 858 3612 concordia
877 3559 969 3608 ciuitas
990 3555 1059 3608 13333
1079 3567 1137 3610 3333
1169 3556 1213 3626 13
1234 3558 1297 3608 ciui—

240 3625 287 3675 bus
300 3625 350 3690 Pe,
360 3628 457 3690 legibus
469 3646 492 3692 z,
504 3629 647 3695 Augustae.
660 3629 690 3680 de
701 3645 723 3680 3.
736 3629 760 3679 d.
772 3629 801 3695 3,
814 3627 847 3678 10
860 3627 869 3694 l
883 3631 897 3676 5
915 3633 1040 3692 temptare
1049 3643 1075 3694 p,
1088 3635 1194 3676 33333333
1207 3624 1256 3692 Pl
1267 3626 1295 3674 ll

241 3693 364 3745 amicitias
377 3711 426 3746 om.
439 3695 483 3764 Ρ11
498 3698 527 3746 13
545 3713 621 3750 causa
635 3703 695 3766 port
710 3697 835 3748 libertatis
850 3695 909 3746 odd.
926 3695 946 3747 C
954 3693 1096 3745 deteriores
1111 3693 1121 3761 1
1138 3696 1166 3743 17
1179 3709 1206 3744 33
1220 3708 1270 3742 om,
1281 3709 1297 3742 z

241 3759 293 3827 1123
305 3762 421 3814 13333333
439 3764 603 3816 3133133133Ηί
619 3768 643 3817 P
654 3765 664 3834 11
678 3767 709 3816 ’15
725 3781 770 3832 per
782 3765 895 3815 laborem
908 3781 957 3814 usu
967 3763 1080 3813 militiam
1092 3763 1139 3830 pc,
1150 3761 1179 3812 V
1176 3763 1257 3826 egetir'
1265 3759 1297 3810 da

243 3846 265 3880 r.
279 3845 313 3880 m.
329 3833 357 3895 1,
374 3833 390 3881 3
407 3831 574 3883 3331133333,
590 3833 659 3884 6368
674 3839 701 3884 33
713 3833 855 3899 1333313333
866 3833 946 3894 3333331
961 3829 1093 3882 Gudianus
1106 3829 1151 3892 84,
1167 3844 1214 3894 per
1225 3829 1296 3878 13133-

243 3913 295 3948 rem
312 3915 360 3948 usu
377 3900 480 3950 militiae
497 3901 522 3950 P
535 3905 561 3951 33
578 3901 640 3964 (abi
653 3901 721 3967 quod
734 3903 819 3965 usum)
838 3901 866 3952 V
864 3903 945 3966 egotir'
960 3897 1124 3962 33133303,
1140 3913 1186 3963 per
1202 3896 1297 3946 laboris

242 3982 314 4016 usum
336 3967 481 4018 militiamz
507 3968 768 4035 Vegeueral.1o72
789 3968 798 4034 11
821 3969 853 4018 26
872 3968 986 4018 discebat
1004 3965 1058 4030 PC,
1074 3965 1204 4016 discebant
1225 3963 1297 4016 3333,

245 4034 352 4101 Vegetii
366 4033 375 4102 11
392 4035 424 4085 21
437 4036 562 4088 habebunt
574 4036 618 4105 Ρ11
631 4037 663 4088 28
681 4037 755 4088 labor
770 4033 1009 4103 Ρο,,13333“ρα333
1025 4030 1126 4099 ubiqua’
1145 4032 1298 4086 Saburram
1406 4073 1407 4080 ,

240 4107 359 4169 posuisse
379 4103 441 4155 dicit
456 4103 562 4156 8333333
578 4107 682 4157 ardon.
695 4101 805 4174 1,253t
819 4106 851 4155 30
863 4119 891 4156 33
903 4104 955 4168 Pu,
968 4104 1005 4155 313
1018 4101 1081 4153 330
