2846 4682
209 365 250 427 66
580 360 607 412 C.
620 359 781 412 SALLUSTI
799 357 901 413 cnlsrl

200 523 330 578 eventus
345 515 451 580 civium
467 515 583 576 animos
596 515 728 576 intentos
738 509 870 594 putabat,
885 529 948 572 non
962 511 1045 592 prius
1059 511 1171 574 bellum
1182 516 1276 576 abin·

169 613 187 664 t
207 619 275 680 gere
295 619 385 681 quam
405 600 555 662 maiorum
574 599 725 679 disciplina
746 599 855 660 milites
870 597 1002 658 laborare
1017 597 1171 676 coegisset
1202 615 1276 660 nam

205 685 329 748 Albinus
343 685 410 746 Auli
423 685 522 746 fratris
538 685 741 763 exercitusque
756 683 836 746 clade
852 681 1018 761 perculsus,
1042 688 1201 762 postquam
1215 683 1273 744 de-

206 777 337 832 creverat
351 787 413 832 non
427 769 527 848 egredi
541 769 706 848 provincia,
730 775 874 848 quantum
888 767 1032 846 temporis
1047 767 1225 829 aestivorum
1238 769 1273 830 iu

206 855 330 934 imperio
345 854 410 927 luit,
426 855 600 933 plerrnnque
614 853 722 914 milites
738 851 850 913 stativis
862 851 965 913 eastris
976 851 1115 924 habebat,
1133 851 1191 912 nisi
1201 869 1273 914 cum
1295 866 1314 914 5

168 955 184 1006 t
206 939 280 1000 odos
294 947 346 1000 aut
359 939 458 1019 pabuli
473 946 585 1018 egestas
599 939 699 998 locum
713 944 828 998 mutare
844 935 1007 1014 subegerat.
1029 935 1081 996 sed
1094 953 1190 1016 neque
1201 955 1272 998 mu-

202 1023 362 1084 niebantur
380 1041 476 1102 neque
495 1041 579 1084 more
596 1022 716 1084 militari
730 1021 846 1100 vigiliae,
858 1020 1089 1082 deducebantur:
1105 1021 1150 1082 uti
1164 1021 1272 1100 cuique

203 1107 331 1180 lubebat,
347 1107 382 1168 ab
398 1107 489 1186 signis
505 1107 613 1179 aberat,
629 1107 703 1168 lixae
717 1105 855 1186 permixti
867 1123 935 1166 cum
947 1105 1089 1166 militibus
1101 1105 1151 1166 diu
1161 1114 1271 1166 noetu-

204 1211 263 1271 qne
276 1192 455 1271 vagabantur
470 1198 500 1252 et
515 1192 645 1270 palantes
663 1209 748 1270 agros
759 1197 882 1259 vastare,
897 1189 978 1250 villas
990 1206 1164 1268 expugnare,
1179 1209 1270 1269 peco-

203 1276 246 1338 ris
265 1282 295 1338 et
317 1276 533 1356 mancipiorum
552 1276 674 1354 praedas
694 1282 840 1337 certantes
860 1292 945 1354 agere
965 1292 1057 1354 eaque
1070 1281 1186 1336 mutare
1200 1293 1269 1336 cum
1293 1286 1334 1338 to

203 1361 417 1422 mercatoribus
428 1360 496 1420 vino
508 1360 666 1422 advecticio
679 1366 709 1420 et
719 1360 782 1420 aliis
793 1358 910 1431 talibus,
926 1367 1077 1438 praeterea
1085 1359 1270 1420 frumentum

202 1445 319 1524 publice
333 1445 435 1507 datum
449 1444 589 1514 rendere,
609 1462 715 1524 panem
729 1445 762 1506 in
776 1445 837 1506 dies
853 1444 992 1504 mercari:
1008 1450 1160 1522 postremo
1176 1462 1270 1523 quae·

201 1547 330 1608 cumque
350 1531 406 1590 dici
427 1536 477 1590 aut
491 1529 561 1608 fingi
576 1537 688 1609 queunt
702 1529 831 1608 ignaviae
845 1528 1035 1608 luxuriaeque
1049 1529 1158 1607 probra
1172 1528 1203 1589 in
1217 1529 1268 1590 illo

143 1610 186 1672 45
197 1615 333 1675 exercitu
352 1621 457 1676 cuncta
475 1615 558 1675 luere
579 1622 608 1674 et
627 1615 682 1675 alia
696 1614 832 1693 amplius.
862 1613 914 1674 sed
928 1613 960 1674 in
974 1631 1008 1673 ea
1023 1613 1191 1674 difficultate
1205 1613 1268 1675 lde-

202 1699 306 1759 tellum
318 1716 379 1758 non
390 1699 488 1760 minus
500 1717 590 1778 quam
601 1699 631 1759 in
643 1699 732 1760 rebus
743 1698 899 1759 hostilibus
911 1715 1052 1776 maguum
1063 1705 1093 1758 et
1104 1698 1267 1778 sapientem
1291 1708 1329 1759 1⁵

202 1783 299 1844 virum
313 1782 405 1844 luisse
416 1783 598 1862 comperior:
613 1789 694 1844 tanta
705 1782 898 1861 temperantia
909 1781 986 1842 inter
996 1782 1189 1843 ambitionem
1200 1801 1267 1844 sae-

163 1875 181 1926 2
201 1867 361 1946 vitiamqne
375 1867 571 1928 moderatum.
601 1885 730 1947 namque
741 1867 837 1928 edicto
854 1866 985 1945 primum
1000 1867 1168 1928 adiumenta
1182 1868 1266 1946 igna-

201 1951 264 2012 viae
284 1952 453 2023 sustulisse,
474 1969 512 2012 ne
533 1951 690 2032 quisquam
710 1952 742 2012 in
762 1951 865 2012 eastris
884 1968 989 2030 panem
1005 1959 1056 2012 aut
1069 1969 1160 2030 quem
1174 1952 1266 2013 aliurn

200 2042 319 2096 coctum
331 2035 430 2096 eibum
441 2037 588 2108 venderet,
604 2054 642 2096 ne
652 2037 726 2098 lixae
738 2035 897 2098 exercitum
910 2043 1113 2114 sequerentur,
1130 2055 1167 2098 ne
1179 2037 1264 2098 miles

199 2120 350 2199 gregarius
362 2119 393 2180 in
404 2120 507 2180 castris
519 2137 591 2180 nere
603 2119 634 2179 in
643 2120 758 2198 agmine
767 2137 886 2181 servum
891 2128 945 2180 aut
952 2120 1118 2180 iumentum
1126 2120 1261 2195 baberet3
1285 2131 1324 2184 2ο

201 2205 305 2265 ceteris
332 2211 395 2264 arte
416 2199 540 2264 modum
560 2203 707 2266 stantisse.
743 2213 893 2284 praeterea
911 2205 1089 2266 transvorsis
1108 2205 1262 2266 itineribus

201 2289 309 2349 cotidie
334 2295 428 2349 castra
448 2305 582 2360 movere,
606 2287 686 2349 iuxta
706 2307 740 2350 ac
758 2290 783 2350 si
802 2289 906 2350 bostes
926 2289 1063 2350 adessent
1082 2291 1155 2350 vallo
1175 2297 1263 2370 atque

199 2372 279 2433 fossa
294 2373 419 2444 munire,
429 2371 545 2451 ¹vigilias
560 2373 678 2434 crebras
693 2391 803 2452 ponere
818 2381 847 2434 et
861 2391 911 2434 eas
925 2373 989 2452 ipse
1004 2393 1073 2435 cum
1086 2373 1187 2454 legatis
1202 2376 1262 2436 cir·

199 2457 321 2529 cumire,
336 2457 407 2516 item
418 2456 449 2541 in
460 2457 576 2535 agmine
587 2457 618 2517 iu
629 2457 733 2536 primis
745 2458 834 2519 modo
847 2458 937 2518 modo
949 2458 979 2518 in
990 2459 1159 2537 postremis,
1175 2477 1262 2540 saepe

197 2540 230 2600 in
243 2541 342 2602 medio
358 2541 474 2614 adesse,
490 2558 528 2601 ne
543 2541 690 2621 quispiam
705 2543 807 2603 ordine
822 2541 1023 2621 egrederetur,
1038 2549 1072 2604 ut
1079 2561 1155 2604 cum
1170 2543 1260 2623 signis
1283 2551 1323 2604 25

161 2637 177 2688 t
197 2625 365 2706 frequentes
380 2626 563 2699 incederent,
579 2627 664 2687 miles
679 2627 778 2688 cibum
793 2634 823 2688 et
837 2645 919 2688 arma
933 2634 1074 2706 portaret.
1102 2629 1143 2689 ita
1156 2629 1260 2708 prohi-

196 2709 295 2772 bendo
315 2730 332 2771 a
350 2709 461 2772 delictis
477 2711 570 2790 magis
586 2730 675 2792 quam
690 2711 863 2772 vindicando
879 2712 1041 2774 exercitum
1055 2712 1137 2774 brevi
1152 2714 1260 2775 confir·

197 2797 304 2856 mavit,

133 2883 176 2944 ld
282 2879 395 2940 Interea
406 2878 549 2958 ,Iugurtha
563 2879 615 2940 ubi
626 2899 700 2960 quae
709 2879 843 2942 Metellus
853 2880 957 2958 agebat
967 2899 1003 2942 ex
1013 2881 1127 2943 nuntiis
1138 2883 1258 2961 accepit,

196 2962 286 3023 simul
300 2962 337 3022 de
350 2963 518 3024 innocentia
529 2963 592 3024 eius
605 2965 713 3026 certior
723 2965 818 3026 Roma
828 2964 935 3038 lactus,
951 2965 1083 3027 diffidere
1095 2967 1157 3028 suis
1168 2967 1257 3028 rebus
1280 2975 1318 3028 30

159 3059 176 3110 2
196 3065 230 3107 ac
248 3053 313 3106 tum
334 3047 453 3106 demum
469 3051 568 3108 reram
584 3048 763 3109 deditionem
776 3050 874 3111 lacere
890 3057 1012 3120 conatus
1027 3058 1082 3112 est.
1111 3051 1201 3130 igitur
1214 3053 1258 3114 le-

195 3135 278 3208 gatos
289 3130 325 3190 ad
338 3131 489 3192 consulem
501 3149 570 3192 cum
581 3132 732 3212 suppliciis
744 3133 844 3207 mittit,
862 3135 912 3214 qui
923 3141 1038 3196 tautum
1050 3135 1140 3196 modo
1152 3135 1210 3214 ipsi
1220 3136 1257 3196 li·
1316 3151 1319 3157 ·

158 3227 174 3278 a
194 3213 330 3293 berisque
340 3215 429 3275 dmm
441 3223 583 3294 peterent,
599 3217 653 3278 alia
665 3218 764 3280 omnia
772 3219 913 3280 dederent
921 3221 1031 3298 populo
1041 3219 1186 3282 Romano.
1204 3221 1256 3282 sed

193 3297 308 3360 Metello
322 3300 381 3360 iam
396 3307 481 3362 antea
496 3301 704 3380 experimentis
719 3304 870 3382 cognitum
886 3311 947 3365 erat
959 3322 1050 3383 genus
1062 3304 1256 3369 Numidarum

157 3397 175 3447 4
193 3383 326 3456 inlidum,
341 3385 458 3463 ingenio
474 3385 583 3458 mobili,
598 3401 744 3448 novarum
757 3407 857 3450 rerum
873 3388 991 3450 avidum
1006 3407 1079 3449 esse.
1101 3389 1201 3468 itaque
1211 3391 1253 3451 le-
1275 3392 1313 3446 ³5

192 3475 273 3546 gatos
292 3468 381 3530 alium
401 3469 438 3530 ab
457 3469 512 3530 alio
532 3470 663 3532 divorsos
684 3473 850 3552 aggreditur
866 3493 900 3534 ac
914 3473 1055 3552 paulatim
1070 3474 1253 3554 temptando,

192 3601 197 3607 .
216 3603 393 3610 -„.---.-..-.-

259 3667 416 3720 lmaiorunr
430 3686 463 3738 p,
481 3687 577 3722 morum
593 3674 618 3724 P
640 3671 650 3741 ΙΙ
666 3674 755 3725 laboro
775 3677 799 3726 P
822 3671 832 3741 Ι
855 3675 871 3722 5
889 3675 979 3726 stetini
995 3677 1030 3739 P,
1047 3691 1060 3726 s
1077 3674 1137 3726 add.
1157 3691 1177 3744 p
1200 3673 1211 3743 Ι
1235 3676 1251 3726 li

190 3733 252 3784 odos
268 3734 367 3786 Fronto
380 3754 408 3804 p.
425 3739 491 3805 164,
509 3741 573 3790 odor
592 3739 638 3792 PC
652 3739 662 3808 ΙΙ
679 3743 723 3792 sed
740 3757 819 3808 neque
836 3743 1014 3793 muniebantur
1027 3743 1046 3806 (i
1066 3742 1172 3794 inducta
1195 3742 1250 3794 cod.

189 3801 308 3852 tortello
323 3803 394 3864 aaa)
413 3819 497 3870 neque.
507 3807 606 3858 Fronto
617 3825 643 3876 p.
656 3809 720 3872 164,
737 3811 782 3860 sed
793 3825 872 3875 neque
888 3811 1066 3861 muniebantur
1077 3825 1108 3862 en
1123 3825 1203 3876 neque
1212 3811 1254 3861 ost

188 3869 233 3918 sed
245 3883 325 3934 neque
342 3871 517 3923 minuebantur
535 3891 614 3942 neque
626 3891 654 3938 z,
671 3893 750 3942 neque
767 3877 946 3928 muniebantur
962 3895 1011 3929 om.
1023 3877 1070 3930 PC
1085 3878 1095 3945 Ι
1117 3878 1132 3929 8
1151 3879 1194 3928 diu
1205 3878 1251 3930 Pe

186 3935 286 3987 Frento
297 3937 313 3986 1.
326 3952 357 4003 a,
366 3937 408 3987 dio
422 3939 443 3989 C
451 3939 461 4006 Ι
476 3941 507 3992 14
519 3957 548 3992 eu
560 3959 582 4006 s,
594 3943 692 3994 Fronto
705 3943 721 3994 l.
733 3961 763 4009 c,
776 3961 825 3996 om,
838 3944 902 4012 PCl
917 3947 948 3996 18
961 3947 1097 3997 sustulisse
1112 3964 1249 3995 essere

186 4001 190 4069 Ι
205 4019 235 4054 ne
247 4001 296 4072 ΡΙ
314 4005 346 4056 23
364 4005 453 4058 erebus
467 4009 491 4059 P
512 4007 523 4078 Ι
547 4011 579 4062 25
598 4011 719 4078 quispiam
730 4013 787 4078 PC,
800 4013 965 4079 qnisquamC
985 4012 996 4080 Ι
1020 4015 1053 4065 30
1065 4028 1136 4064 roura
1147 4011 1249 4066 Notitiae

183 4084 211 4138 p.
223 4071 286 4138 325,
298 4087 384 4124 romae
396 4073 442 4125 ΡΟ
