<?xml version="1.0" encoding="UTF-8"?>
<!DOCTYPE html PUBLIC "-//W3C//DTD XHTML 1.0 Transitional//EN"
    "http://www.w3.org/TR/xhtml1/DTD/xhtml1-transitional.dtd">
<html xmlns="http://www.w3.org/1999/xhtml" xml:lang="en" lang="en">
 <head>
  <title>
</title>
<meta http-equiv="Content-Type" content="text/html;charset=utf-8" />
  <meta name='ocr-system' content='tesseract 3.04.00' />
  <meta name='ocr-capabilities' content='ocr_page ocr_carea ocr_par ocr_line ocrx_word'/>
</head>
<body>
  <div class='ocr_page' id='page_1' title='image "./csallusticrispi00jordgoog_0092.png"; bbox 0 0 2854 4678; ppageno 0'>
   <div class='ocr_carea' id='block_1_1' title="bbox 478 313 1203 404">
    <p class='ocr_par' dir='ltr' id='par_1_1' title="bbox 478 313 1203 404">
     <span class='ocr_line' id='line_1_1' title="bbox 478 313 1203 404; baseline -0.001 -15"><span class='ocrx_word' id='word_1_1' title='bbox 478 338 520 390; x_wconf 85' lang='lat' dir='ltr'><strong>oc</strong></span> <span class='ocrx_word' id='word_1_2' title='bbox 538 338 644 390; x_wconf 82' lang='lat' dir='ltr'><strong>cacco</strong></span> <span class='ocrx_word' id='word_1_3' title='bbox 662 337 866 392; x_wconf 84' lang='lat' dir='ltr'><strong>rucuermrvo</strong></span> <span class='ocrx_word' id='word_1_4' title='bbox 1161 313 1203 404; x_wconf 77' lang='lat'><strong>79&#39;</strong></span> 
     </span>
    </p>
   </div>
   <div class='ocr_carea' id='block_1_2' title="bbox 68 491 1308 3541">
    <p class='ocr_par' dir='ltr' id='par_1_2' title="bbox 71 491 1262 2842">
     <span class='ocr_line' id='line_1_2' title="bbox 134 491 1201 574; baseline 0.002 -20"><span class='ocrx_word' id='word_1_5' title='bbox 134 493 278 573; x_wconf 79' lang='lat' dir='ltr'><strong>profugit.</strong></span> <span class='ocrx_word' id='word_1_6' title='bbox 308 493 337 553; x_wconf 92' lang='lat' dir='ltr'><strong>id</strong></span> <span class='ocrx_word' id='word_1_7' title='bbox 356 491 593 554; x_wconf 79' lang='lat' dir='ltr'><strong>misericordiane</strong></span> <span class='ocrx_word' id='word_1_8' title='bbox 607 493 732 574; x_wconf 90' lang='lat' dir='ltr'><strong>hospitis</strong></span> <span class='ocrx_word' id='word_1_9' title='bbox 747 511 785 554; x_wconf 87' lang='lat' dir='ltr'><strong>en</strong></span> <span class='ocrx_word' id='word_1_10' title='bbox 794 493 930 574; x_wconf 81' lang='lat' dir='ltr'><strong>pactione</strong></span> <span class='ocrx_word' id='word_1_11' title='bbox 941 499 992 556; x_wconf 90' lang='lat' dir='ltr'><strong>aut</strong></span> <span class='ocrx_word' id='word_1_12' title='bbox 1002 513 1071 558; x_wconf 88' lang='lat' dir='ltr'><strong>casu</strong></span> <span class='ocrx_word' id='word_1_13' title='bbox 1081 496 1121 556; x_wconf 90' lang='lat' dir='ltr'><strong>ita</strong></span> <span class='ocrx_word' id='word_1_14' title='bbox 1132 515 1201 556; x_wconf 91' lang='lat' dir='ltr'><strong>eve·</strong></span> 
     </span>
     <span class='ocr_line' id='line_1_3' title="bbox 134 577 1200 661; baseline 0.004 -23"><span class='ocrx_word' id='word_1_15' title='bbox 134 578 228 650; x_wconf 85' lang='lat' dir='ltr'><strong>nerit,</strong></span> <span class='ocrx_word' id='word_1_16' title='bbox 240 595 349 658; x_wconf 41' lang='lat' dir='ltr'><strong>*parurn</strong></span> <span class='ocrx_word' id='word_1_17' title='bbox 365 577 578 658; x_wconf 81' lang='lat' dir='ltr'><strong>comperimus:</strong></span> <span class='ocrx_word' id='word_1_18' title='bbox 594 577 660 650; x_wconf 89' lang='lat' dir='ltr'><strong>nisi,</strong></span> <span class='ocrx_word' id='word_1_19' title='bbox 677 577 744 657; x_wconf 86' lang='lat' dir='ltr'><strong>quia</strong></span> <span class='ocrx_word' id='word_1_20' title='bbox 756 579 796 639; x_wconf 94' lang='lat' dir='ltr'><strong>illi</strong></span> <span class='ocrx_word' id='word_1_21' title='bbox 808 579 839 640; x_wconf 93' lang='lat' dir='ltr'><strong>in</strong></span> <span class='ocrx_word' id='word_1_22' title='bbox 849 586 933 642; x_wconf 87' lang='lat' dir='ltr'><strong>tanto</strong></span> <span class='ocrx_word' id='word_1_23' title='bbox 945 580 1023 642; x_wconf 89' lang='lat' dir='ltr'><strong>malo</strong></span> <span class='ocrx_word' id='word_1_24' title='bbox 1034 579 1128 661; x_wconf 90' lang='lat' dir='ltr'><strong>turpis</strong></span> <span class='ocrx_word' id='word_1_25' title='bbox 1142 581 1200 642; x_wconf 90' lang='lat' dir='ltr'><strong>vita</strong></span> 
     </span>
     <span class='ocr_line' id='line_1_4' title="bbox 134 662 1070 743; baseline 0.003 -21"><span class='ocrx_word' id='word_1_26' title='bbox 134 663 248 743; x_wconf 86' lang='lat' dir='ltr'><strong>integra</strong></span> <span class='ocrx_word' id='word_1_27' title='bbox 262 662 342 724; x_wconf 89' lang='lat' dir='ltr'><strong>fama</strong></span> <span class='ocrx_word' id='word_1_28' title='bbox 356 663 455 742; x_wconf 89' lang='lat' dir='ltr'><strong>potior</strong></span> <span class='ocrx_word' id='word_1_29' title='bbox 465 663 531 736; x_wconf 89' lang='lat' dir='ltr'><strong>fuit,</strong></span> <span class='ocrx_word' id='word_1_30' title='bbox 547 663 690 742; x_wconf 91' lang='lat' dir='ltr'><strong>inprobus</strong></span> <span class='ocrx_word' id='word_1_31' title='bbox 701 663 934 743; x_wconf 80' lang='lat' dir='ltr'><strong>intestabilisque</strong></span> <span class='ocrx_word' id='word_1_32' title='bbox 946 665 1070 726; x_wconf 89' lang='lat' dir='ltr'><strong>videtur.</strong></span> 
     </span>
     <span class='ocr_line' id='line_1_5' title="bbox 221 747 1262 830; baseline 0.002 -22"><span class='ocrx_word' id='word_1_33' title='bbox 221 747 365 820; x_wconf 89' lang='lat' dir='ltr'><strong>Metellus,</strong></span> <span class='ocrx_word' id='word_1_34' title='bbox 380 755 537 827; x_wconf 87' lang='lat' dir='ltr'><strong>postquam</strong></span> <span class='ocrx_word' id='word_1_35' title='bbox 549 747 684 808; x_wconf 89' lang='lat' dir='ltr'><strong>derebus</strong></span> <span class='ocrx_word' id='word_1_36' title='bbox 696 749 871 827; x_wconf 87' lang='lat' dir='ltr'><strong>Vagaeactis</strong></span> <span class='ocrx_word' id='word_1_37' title='bbox 884 749 1037 828; x_wconf 92' lang='lat' dir='ltr'><strong>comperit,</strong></span> <span class='ocrx_word' id='word_1_38' title='bbox 1052 749 1201 830; x_wconf 83' lang='lat' dir='ltr'><strong>paulisper</strong></span> <span class='ocrx_word' id='word_1_39' title='bbox 1220 749 1262 810; x_wconf 73' lang='grc'><strong>68</strong></span> 
     </span>
     <span class='ocr_line' id='line_1_6' title="bbox 97 832 1199 914; baseline 0 -18"><span class='ocrx_word' id='word_1_40' title='bbox 97 847 114 896; x_wconf 79' lang='lat' dir='ltr'><strong>o</strong></span> <span class='ocrx_word' id='word_1_41' title='bbox 133 838 267 894; x_wconf 86' lang='lat' dir='ltr'><strong>maestus</strong></span> <span class='ocrx_word' id='word_1_42' title='bbox 282 851 317 894; x_wconf 83' lang='lat' dir='ltr'><strong>ex</strong></span> <span class='ocrx_word' id='word_1_43' title='bbox 330 840 490 912; x_wconf 91' lang='lat' dir='ltr'><strong>conspectu</strong></span> <span class='ocrx_word' id='word_1_44' title='bbox 505 833 574 894; x_wconf 86' lang='lat' dir='ltr'><strong>abit.</strong></span> <span class='ocrx_word' id='word_1_45' title='bbox 604 833 708 894; x_wconf 90' lang='lat' dir='ltr'><strong>deinde</strong></span> <span class='ocrx_word' id='word_1_46' title='bbox 722 832 773 894; x_wconf 90' lang='lat' dir='ltr'><strong>ubi</strong></span> <span class='ocrx_word' id='word_1_47' title='bbox 787 833 830 894; x_wconf 90' lang='lat' dir='ltr'><strong>ira</strong></span> <span class='ocrx_word' id='word_1_48' title='bbox 845 839 875 894; x_wconf 91' lang='lat' dir='ltr'><strong>et</strong></span> <span class='ocrx_word' id='word_1_49' title='bbox 889 835 1039 914; x_wconf 81' lang='lat' dir='ltr'><strong>aegritudo</strong></span> <span class='ocrx_word' id='word_1_50' title='bbox 1055 835 1199 914; x_wconf 85' lang='lat' dir='ltr'><strong>permixta</strong></span> 
     </span>
     <span class='ocr_line' id='line_1_7' title="bbox 135 917 1235 998; baseline -0.001 -21"><span class='ocrx_word' id='word_1_51' title='bbox 135 923 221 989; x_wconf 88' lang='lat' dir='ltr'><strong>sunt,</strong></span> <span class='ocrx_word' id='word_1_52' title='bbox 243 935 311 979; x_wconf 92' lang='lat' dir='ltr'><strong>cum</strong></span> <span class='ocrx_word' id='word_1_53' title='bbox 334 936 472 978; x_wconf 84' lang='lat' dir='ltr'><strong>maxuma</strong></span> <span class='ocrx_word' id='word_1_54' title='bbox 492 935 562 978; x_wconf 91' lang='lat' dir='ltr'><strong>cura</strong></span> <span class='ocrx_word' id='word_1_55' title='bbox 581 918 677 978; x_wconf 90' lang='lat' dir='ltr'><strong>ultum</strong></span> <span class='ocrx_word' id='word_1_56' title='bbox 692 917 734 977; x_wconf 91' lang='lat' dir='ltr'><strong>ire</strong></span> <span class='ocrx_word' id='word_1_57' title='bbox 748 917 869 979; x_wconf 88' lang='lat' dir='ltr'><strong>iniurias</strong></span> <span class='ocrx_word' id='word_1_58' title='bbox 883 917 1011 980; x_wconf 75' lang='lat' dir='ltr'><strong>festinat.</strong></span> <span class='ocrx_word' id='word_1_59' title='bbox 1041 919 1196 998; x_wconf 83' lang='lat' dir='ltr'><strong>legionem,</strong></span> <span class='ocrx_word' id='word_1_60' title='bbox 1219 925 1235 976; x_wconf 84' lang='lat' dir='ltr'><strong>t</strong></span> 
     </span>
     <span class='ocr_line' id='line_1_8' title="bbox 136 1001 1198 1082; baseline 0.002 -18"><span class='ocrx_word' id='word_1_61' title='bbox 136 1021 205 1064; x_wconf 89' lang='lat' dir='ltr'><strong>cum</strong></span> <span class='ocrx_word' id='word_1_62' title='bbox 229 1020 287 1080; x_wconf 87' lang='lat' dir='ltr'><strong>que</strong></span> <span class='ocrx_word' id='word_1_63' title='bbox 307 1001 469 1071; x_wconf 81' lang='lat' dir='ltr'><strong>hiemabat,</strong></span> <span class='ocrx_word' id='word_1_64' title='bbox 490 1009 520 1062; x_wconf 87' lang='lat' dir='ltr'><strong>et</strong></span> <span class='ocrx_word' id='word_1_65' title='bbox 540 1020 628 1080; x_wconf 87' lang='lat' dir='ltr'><strong>quem</strong></span> <span class='ocrx_word' id='word_1_66' title='bbox 648 1003 802 1080; x_wconf 90' lang='lat' dir='ltr'><strong>plurumos</strong></span> <span class='ocrx_word' id='word_1_67' title='bbox 816 1009 915 1082; x_wconf 89' lang='lat' dir='ltr'><strong>potest</strong></span> <span class='ocrx_word' id='word_1_68' title='bbox 929 1003 1070 1064; x_wconf 86' lang='lat' dir='ltr'><strong>Numidas</strong></span> <span class='ocrx_word' id='word_1_69' title='bbox 1085 1005 1198 1082; x_wconf 86' lang='lat' dir='ltr'><strong>equites</strong></span> 
     </span>
     <span class='ocr_line' id='line_1_9' title="bbox 134 1087 1199 1166; baseline 0.002 -20"><span class='ocrx_word' id='word_1_70' title='bbox 134 1087 246 1166; x_wconf 89' lang='lat' dir='ltr'><strong>pariter</strong></span> <span class='ocrx_word' id='word_1_71' title='bbox 264 1103 332 1146; x_wconf 91' lang='lat' dir='ltr'><strong>oum</strong></span> <span class='ocrx_word' id='word_1_72' title='bbox 354 1104 460 1147; x_wconf 88' lang='lat' dir='ltr'><strong>occasu</strong></span> <span class='ocrx_word' id='word_1_73' title='bbox 481 1087 551 1147; x_wconf 90' lang='lat' dir='ltr'><strong>solis</strong></span> <span class='ocrx_word' id='word_1_74' title='bbox 566 1087 718 1166; x_wconf 89' lang='lat' dir='ltr'><strong>expeditos</strong></span> <span class='ocrx_word' id='word_1_75' title='bbox 734 1087 831 1148; x_wconf 90' lang='lat' dir='ltr'><strong>educit</strong></span> <span class='ocrx_word' id='word_1_76' title='bbox 845 1094 875 1147; x_wconf 87' lang='lat' dir='ltr'><strong>et</strong></span> <span class='ocrx_word' id='word_1_77' title='bbox 889 1095 1008 1166; x_wconf 91' lang='lat' dir='ltr'><strong>postera</strong></span> <span class='ocrx_word' id='word_1_78' title='bbox 1024 1089 1069 1150; x_wconf 93' lang='lat' dir='ltr'><strong>die</strong></span> <span class='ocrx_word' id='word_1_79' title='bbox 1084 1089 1199 1150; x_wconf 90' lang='lat' dir='ltr'><strong>circiter</strong></span> 
     </span>
     <span class='ocr_line' id='line_1_10' title="bbox 134 1171 1197 1252; baseline 0.002 -20"><span class='ocrx_word' id='word_1_80' title='bbox 134 1173 209 1232; x_wconf 88' lang='lat' dir='ltr'><strong>hora</strong></span> <span class='ocrx_word' id='word_1_81' title='bbox 225 1171 311 1232; x_wconf 89' lang='lat' dir='ltr'><strong>tertia</strong></span> <span class='ocrx_word' id='word_1_82' title='bbox 330 1171 463 1250; x_wconf 91' lang='lat' dir='ltr'><strong>pervenit</strong></span> <span class='ocrx_word' id='word_1_83' title='bbox 477 1171 508 1231; x_wconf 94' lang='lat' dir='ltr'><strong>in</strong></span> <span class='ocrx_word' id='word_1_84' title='bbox 524 1172 670 1250; x_wconf 62' lang='lat' dir='ltr'><strong>mandam</strong></span> <span class='ocrx_word' id='word_1_85' title='bbox 685 1171 834 1251; x_wconf 88' lang='lat' dir='ltr'><strong>planitiem</strong></span> <span class='ocrx_word' id='word_1_86' title='bbox 849 1172 921 1234; x_wconf 91' lang='lat' dir='ltr'><strong>locis</strong></span> <span class='ocrx_word' id='word_1_87' title='bbox 935 1173 1022 1251; x_wconf 91' lang='lat' dir='ltr'><strong>paulo</strong></span> <span class='ocrx_word' id='word_1_88' title='bbox 1037 1173 1197 1252; x_wconf 91' lang='lat' dir='ltr'><strong>superiori-</strong></span> 
     </span>
     <span class='ocr_line' id='line_1_11' title="bbox 80 1255 1232 1337; baseline 0 -19"><span class='ocrx_word' id='word_1_89' title='bbox 80 1267 113 1318; x_wconf 85' lang='lat' dir='ltr'><strong>to</strong></span> <span class='ocrx_word' id='word_1_90' title='bbox 134 1256 190 1318; x_wconf 90' lang='lat' dir='ltr'><strong>bus</strong></span> <span class='ocrx_word' id='word_1_91' title='bbox 205 1255 444 1318; x_wconf 85' lang='lat' dir='ltr'><strong>circumventam.</strong></span> <span class='ocrx_word' id='word_1_92' title='bbox 471 1255 513 1318; x_wconf 86' lang='lat' dir='ltr'><strong>ibi</strong></span> <span class='ocrx_word' id='word_1_93' title='bbox 528 1255 635 1316; x_wconf 90' lang='lat' dir='ltr'><strong>milites</strong></span> <span class='ocrx_word' id='word_1_94' title='bbox 649 1257 745 1316; x_wconf 87' lang='lat' dir='ltr'><strong>fessos</strong></span> <span class='ocrx_word' id='word_1_95' title='bbox 760 1256 871 1318; x_wconf 90' lang='lat' dir='ltr'><strong>itineris</strong></span> <span class='ocrx_word' id='word_1_96' title='bbox 886 1257 1086 1337; x_wconf 88' lang='lat' dir='ltr'><strong>magnitudine</strong></span> <span class='ocrx_word' id='word_1_97' title='bbox 1098 1265 1128 1318; x_wconf 91' lang='lat' dir='ltr'><strong>et</strong></span> <span class='ocrx_word' id='word_1_98' title='bbox 1138 1259 1196 1320; x_wconf 91' lang='lat' dir='ltr'><strong>iam</strong></span> <span class='ocrx_word' id='word_1_99' title='bbox 1217 1269 1232 1318; x_wconf 82' lang='lat' dir='ltr'><strong>a</strong></span> 
     </span>
     <span class='ocr_line' id='line_1_12' title="bbox 133 1339 1196 1422; baseline 0.004 -22"><span class='ocrx_word' id='word_1_100' title='bbox 133 1340 291 1402; x_wconf 89' lang='lat' dir='ltr'><strong>abnuentis</strong></span> <span class='ocrx_word' id='word_1_101' title='bbox 312 1339 412 1400; x_wconf 88' lang='lat' dir='ltr'><strong>omnia</strong></span> <span class='ocrx_word' id='word_1_102' title='bbox 432 1339 518 1402; x_wconf 90' lang='lat' dir='ltr'><strong>docet</strong></span> <span class='ocrx_word' id='word_1_103' title='bbox 536 1341 677 1419; x_wconf 91' lang='lat' dir='ltr'><strong>oppidum</strong></span> <span class='ocrx_word' id='word_1_104' title='bbox 693 1341 802 1420; x_wconf 86' lang='lat' dir='ltr'><strong>Vagam</strong></span> <span class='ocrx_word' id='word_1_105' title='bbox 817 1358 878 1402; x_wconf 92' lang='lat' dir='ltr'><strong>non</strong></span> <span class='ocrx_word' id='word_1_106' title='bbox 893 1342 1018 1420; x_wconf 87' lang='lat' dir='ltr'><strong>amplius</strong></span> <span class='ocrx_word' id='word_1_107' title='bbox 1033 1343 1113 1404; x_wconf 92' lang='lat' dir='ltr'><strong>mille</strong></span> <span class='ocrx_word' id='word_1_108' title='bbox 1128 1361 1196 1422; x_wconf 89' lang='lat' dir='ltr'><strong>pas·</strong></span> 
     </span>
     <span class='ocr_line' id='line_1_13' title="bbox 132 1424 1196 1506; baseline 0.002 -20"><span class='ocrx_word' id='word_1_109' title='bbox 132 1443 221 1486; x_wconf 88' lang='lat' dir='ltr'><strong>suum</strong></span> <span class='ocrx_word' id='word_1_110' title='bbox 233 1424 349 1485; x_wconf 87' lang='lat' dir='ltr'><strong>abesse:</strong></span> <span class='ocrx_word' id='word_1_111' title='bbox 362 1425 464 1488; x_wconf 88' lang='lat' dir='ltr'><strong>decere</strong></span> <span class='ocrx_word' id='word_1_112' title='bbox 475 1425 540 1486; x_wconf 90' lang='lat' dir='ltr'><strong>illos</strong></span> <span class='ocrx_word' id='word_1_113' title='bbox 551 1425 672 1486; x_wconf 91' lang='lat' dir='ltr'><strong>relicum</strong></span> <span class='ocrx_word' id='word_1_114' title='bbox 684 1425 814 1486; x_wconf 90' lang='lat' dir='ltr'><strong>laborem</strong></span> <span class='ocrx_word' id='word_1_115' title='bbox 826 1445 920 1504; x_wconf 87' lang='lat' dir='ltr'><strong>aequo</strong></span> <span class='ocrx_word' id='word_1_116' title='bbox 932 1427 1031 1487; x_wconf 89' lang='lat' dir='ltr'><strong>animo</strong></span> <span class='ocrx_word' id='word_1_117' title='bbox 1042 1427 1111 1506; x_wconf 90' lang='lat' dir='ltr'><strong>pati,</strong></span> <span class='ocrx_word' id='word_1_118' title='bbox 1125 1428 1196 1488; x_wconf 91' lang='lat' dir='ltr'><strong>dum</strong></span> 
     </span>
     <span class='ocr_line' id='line_1_14' title="bbox 132 1508 1195 1590; baseline 0.006 -21"><span class='ocrx_word' id='word_1_119' title='bbox 132 1527 187 1588; x_wconf 93' lang='lat' dir='ltr'><strong>pro</strong></span> <span class='ocrx_word' id='word_1_120' title='bbox 203 1508 314 1570; x_wconf 89' lang='lat' dir='ltr'><strong>civibus</strong></span> <span class='ocrx_word' id='word_1_121' title='bbox 328 1509 404 1582; x_wconf 89' lang='lat' dir='ltr'><strong>suis,</strong></span> <span class='ocrx_word' id='word_1_122' title='bbox 426 1509 494 1570; x_wconf 91' lang='lat' dir='ltr'><strong>viris</strong></span> <span class='ocrx_word' id='word_1_123' title='bbox 509 1509 689 1571; x_wconf 82' lang='lat' dir='ltr'><strong>fortissumis</strong></span> <span class='ocrx_word' id='word_1_124' title='bbox 704 1517 792 1588; x_wconf 89' lang='lat' dir='ltr'><strong>atque</strong></span> <span class='ocrx_word' id='word_1_125' title='bbox 806 1510 1005 1584; x_wconf 84' lang='lat' dir='ltr'><strong>miserrumis,</strong></span> <span class='ocrx_word' id='word_1_126' title='bbox 1021 1530 1132 1590; x_wconf 87' lang='lat' dir='ltr'><strong>poenas</strong></span> <span class='ocrx_word' id='word_1_127' title='bbox 1146 1531 1195 1574; x_wconf 91' lang='lat' dir='ltr'><strong>ca·</strong></span> 
     </span>
     <span class='ocr_line' id='line_1_15' title="bbox 132 1594 1232 1674; baseline 0.005 -20"><span class='ocrx_word' id='word_1_128' title='bbox 132 1601 245 1674; x_wconf 82' lang='lat' dir='ltr'><strong>perant.</strong></span> <span class='ocrx_word' id='word_1_129' title='bbox 275 1602 426 1673; x_wconf 87' lang='lat' dir='ltr'><strong>praeterea</strong></span> <span class='ocrx_word' id='word_1_130' title='bbox 445 1594 583 1672; x_wconf 90' lang='lat' dir='ltr'><strong>praedam</strong></span> <span class='ocrx_word' id='word_1_131' title='bbox 603 1595 728 1674; x_wconf 84' lang='lat' dir='ltr'><strong>benigne</strong></span> <span class='ocrx_word' id='word_1_132' title='bbox 747 1601 884 1660; x_wconf 85' lang='lat' dir='ltr'><strong>ostentat.</strong></span> <span class='ocrx_word' id='word_1_133' title='bbox 914 1595 957 1657; x_wconf 89' lang='lat' dir='ltr'><strong>sio</strong></span> <span class='ocrx_word' id='word_1_134' title='bbox 971 1595 1195 1658; x_wconf 81' lang='lat' dir='ltr'><strong>animiseorum</strong></span> <span class='ocrx_word' id='word_1_135' title='bbox 1215 1611 1232 1660; x_wconf 74' lang='lat'>4</span> 
     </span>
     <span class='ocr_line' id='line_1_16' title="bbox 80 1679 1196 1760; baseline 0.004 -22"><span class='ocrx_word' id='word_1_136' title='bbox 80 1689 111 1738; x_wconf 79' lang='lat'><strong>15</strong></span> <span class='ocrx_word' id='word_1_137' title='bbox 132 1679 266 1750; x_wconf 86' lang='lat' dir='ltr'><strong>adrectis,</strong></span> <span class='ocrx_word' id='word_1_138' title='bbox 279 1680 392 1757; x_wconf 91' lang='lat' dir='ltr'><strong>equites</strong></span> <span class='ocrx_word' id='word_1_139' title='bbox 404 1679 435 1740; x_wconf 92' lang='lat' dir='ltr'><strong>in</strong></span> <span class='ocrx_word' id='word_1_140' title='bbox 446 1680 541 1758; x_wconf 88' lang='lat' dir='ltr'><strong>primo</strong></span> <span class='ocrx_word' id='word_1_141' title='bbox 552 1679 619 1751; x_wconf 89' lang='lat' dir='ltr'><strong>late,</strong></span> <span class='ocrx_word' id='word_1_142' title='bbox 631 1679 744 1758; x_wconf 88' lang='lat' dir='ltr'><strong>pedites</strong></span> <span class='ocrx_word' id='word_1_143' title='bbox 756 1698 844 1758; x_wconf 86' lang='lat' dir='ltr'><strong>quam</strong></span> <span class='ocrx_word' id='word_1_144' title='bbox 856 1680 1012 1740; x_wconf 89' lang='lat' dir='ltr'><strong>artissume</strong></span> <span class='ocrx_word' id='word_1_145' title='bbox 1024 1680 1066 1740; x_wconf 93' lang='lat' dir='ltr'><strong>ire</strong></span> <span class='ocrx_word' id='word_1_146' title='bbox 1077 1681 1196 1760; x_wconf 86' lang='lat' dir='ltr'><strong>etsigna</strong></span> 
     </span>
     <span class='ocr_line' id='line_1_17' title="bbox 130 1764 1256 1843; baseline 0.004 -19"><span class='ocrx_word' id='word_1_147' title='bbox 130 1765 279 1826; x_wconf 84' lang='lat' dir='ltr'><strong>occultare</strong></span> <span class='ocrx_word' id='word_1_148' title='bbox 294 1765 393 1825; x_wconf 82' lang='lat' dir='ltr'><strong>iubet,</strong></span> <span class='ocrx_word' id='word_1_149' title='bbox 421 1765 565 1843; x_wconf 87' lang='lat' dir='ltr'><strong>Vagenses</strong></span> <span class='ocrx_word' id='word_1_150' title='bbox 585 1765 636 1825; x_wconf 92' lang='lat' dir='ltr'><strong>ubi</strong></span> <span class='ocrx_word' id='word_1_151' title='bbox 658 1764 789 1826; x_wconf 89' lang='lat' dir='ltr'><strong>animum</strong></span> <span class='ocrx_word' id='word_1_152' title='bbox 811 1764 965 1833; x_wconf 86' lang='lat' dir='ltr'><strong>advortere¹</strong></span> <span class='ocrx_word' id='word_1_153' title='bbox 978 1765 1013 1825; x_wconf 87' lang='lat' dir='ltr'><strong>ed</strong></span> <span class='ocrx_word' id='word_1_154' title='bbox 1028 1783 1060 1824; x_wconf 91' lang='lat' dir='ltr'><strong>se</strong></span> <span class='ocrx_word' id='word_1_155' title='bbox 1076 1783 1194 1826; x_wconf 87' lang='lat' dir='ltr'><strong>vorsum</strong></span> <span class='ocrx_word' id='word_1_156' title='bbox 1214 1767 1256 1828; x_wconf 83' lang='lat' dir='ltr'><strong>dil</strong></span> 
     </span>
     <span class='ocr_line' id='line_1_18' title="bbox 130 1848 1193 1929; baseline 0.001 -19"><span class='ocrx_word' id='word_1_157' title='bbox 130 1849 294 1910; x_wconf 80' lang='lat' dir='ltr'><strong>exereitum</strong></span> <span class='ocrx_word' id='word_1_158' title='bbox 308 1867 442 1928; x_wconf 90' lang='lat' dir='ltr'><strong>pergere,</strong></span> <span class='ocrx_word' id='word_1_159' title='bbox 458 1849 571 1928; x_wconf 89' lang='lat' dir='ltr'><strong>primo,</strong></span> <span class='ocrx_word' id='word_1_160' title='bbox 586 1850 631 1910; x_wconf 91' lang='lat' dir='ltr'><strong>uti</strong></span> <span class='ocrx_word' id='word_1_161' title='bbox 645 1857 707 1910; x_wconf 89' lang='lat' dir='ltr'><strong>erat</strong></span> <span class='ocrx_word' id='word_1_162' title='bbox 722 1867 783 1921; x_wconf 90' lang='lat' dir='ltr'><strong>res,</strong></span> <span class='ocrx_word' id='word_1_163' title='bbox 799 1848 949 1910; x_wconf 87' lang='lat' dir='ltr'><strong>Metellum</strong></span> <span class='ocrx_word' id='word_1_164' title='bbox 964 1850 1106 1922; x_wconf 78' lang='lat' dir='ltr'><strong>essendi,</strong></span> <span class='ocrx_word' id='word_1_165' title='bbox 1123 1869 1193 1929; x_wconf 90' lang='lat' dir='ltr'><strong>por-</strong></span> 
     </span>
     <span class='ocr_line' id='line_1_19' title="bbox 126 1933 1192 2016; baseline 0.002 -22"><span class='ocrx_word' id='word_1_166' title='bbox 126 1933 177 1994; x_wconf 85' lang='lat' dir='ltr'><strong>tus</strong></span> <span class='ocrx_word' id='word_1_167' title='bbox 190 1933 331 2006; x_wconf 88' lang='lat' dir='ltr'><strong>clausere,</strong></span> <span class='ocrx_word' id='word_1_168' title='bbox 346 1933 452 1994; x_wconf 90' lang='lat' dir='ltr'><strong>deinde</strong></span> <span class='ocrx_word' id='word_1_169' title='bbox 467 1933 517 1994; x_wconf 89' lang='lat' dir='ltr'><strong>ubi</strong></span> <span class='ocrx_word' id='word_1_170' title='bbox 531 1951 628 2014; x_wconf 91' lang='lat' dir='ltr'><strong>neque</strong></span> <span class='ocrx_word' id='word_1_171' title='bbox 637 1952 727 2016; x_wconf 84' lang='lat' dir='ltr'><strong>¹agros</strong></span> <span class='ocrx_word' id='word_1_172' title='bbox 742 1933 849 1995; x_wconf 89' lang='lat' dir='ltr'><strong>vastari</strong></span> <span class='ocrx_word' id='word_1_173' title='bbox 864 1941 893 1993; x_wconf 89' lang='lat' dir='ltr'><strong>et</strong></span> <span class='ocrx_word' id='word_1_174' title='bbox 904 1953 965 2008; x_wconf 88' lang='lat' dir='ltr'><strong>eos,</strong></span> <span class='ocrx_word' id='word_1_175' title='bbox 979 1935 1029 2014; x_wconf 91' lang='lat' dir='ltr'><strong>qni</strong></span> <span class='ocrx_word' id='word_1_176' title='bbox 1040 1935 1129 2014; x_wconf 90' lang='lat' dir='ltr'><strong>primi</strong></span> <span class='ocrx_word' id='word_1_177' title='bbox 1141 1935 1192 1996; x_wconf 88' lang='lat' dir='ltr'><strong>ad-</strong></span> 
     </span>
     <span class='ocr_line' id='line_1_20' title="bbox 127 2019 1193 2098; baseline 0.002 -20"><span class='ocrx_word' id='word_1_178' title='bbox 127 2025 227 2090; x_wconf 87' lang='lat' dir='ltr'><strong>erant,</strong></span> <span class='ocrx_word' id='word_1_179' title='bbox 244 2019 385 2080; x_wconf 86' lang='lat' dir='ltr'><strong>Numidas</strong></span> <span class='ocrx_word' id='word_1_180' title='bbox 400 2019 512 2098; x_wconf 87' lang='lat' dir='ltr'><strong>equites</strong></span> <span class='ocrx_word' id='word_1_181' title='bbox 527 2019 639 2091; x_wconf 89' lang='lat' dir='ltr'><strong>vident,</strong></span> <span class='ocrx_word' id='word_1_182' title='bbox 655 2037 775 2081; x_wconf 89' lang='lat' dir='ltr'><strong>rursum</strong></span> <span class='ocrx_word' id='word_1_183' title='bbox 790 2019 962 2098; x_wconf 86' lang='lat' dir='ltr'><strong>Iugurtham</strong></span> <span class='ocrx_word' id='word_1_184' title='bbox 977 2019 1108 2081; x_wconf 88' lang='lat' dir='ltr'><strong>arbitrati</strong></span> <span class='ocrx_word' id='word_1_185' title='bbox 1124 2038 1193 2080; x_wconf 89' lang='lat' dir='ltr'><strong>cum</strong></span> 
     </span>
     <span class='ocr_line' id='line_1_21' title="bbox 74 2103 1229 2183; baseline -0.003 -20"><span class='ocrx_word' id='word_1_186' title='bbox 74 2111 108 2164; x_wconf 81' lang='lat'><strong>20</strong></span> <span class='ocrx_word' id='word_1_187' title='bbox 128 2120 237 2183; x_wconf 82' lang='lat' dir='ltr'><strong>magno</strong></span> <span class='ocrx_word' id='word_1_188' title='bbox 250 2104 355 2183; x_wconf 88' lang='lat' dir='ltr'><strong>gaudio</strong></span> <span class='ocrx_word' id='word_1_189' title='bbox 371 2103 447 2164; x_wconf 89' lang='lat' dir='ltr'><strong>obvii</strong></span> <span class='ocrx_word' id='word_1_190' title='bbox 460 2105 634 2182; x_wconf 88' lang='lat' dir='ltr'><strong>procedunt.</strong></span> <span class='ocrx_word' id='word_1_191' title='bbox 664 2103 778 2183; x_wconf 91' lang='lat' dir='ltr'><strong>equites</strong></span> <span class='ocrx_word' id='word_1_192' title='bbox 793 2103 965 2183; x_wconf 85' lang='lat' dir='ltr'><strong>peditesque</strong></span> <span class='ocrx_word' id='word_1_193' title='bbox 979 2111 1100 2182; x_wconf 87' lang='lat' dir='ltr'><strong>repente</strong></span> <span class='ocrx_word' id='word_1_194' title='bbox 1110 2105 1193 2183; x_wconf 86' lang='lat' dir='ltr'><strong>signo</strong></span> <span class='ocrx_word' id='word_1_195' title='bbox 1213 2109 1229 2160; x_wconf 83' lang='lat'>2</span> 
     </span>
     <span class='ocr_line' id='line_1_22' title="bbox 127 2187 1190 2268; baseline 0.004 -20"><span class='ocrx_word' id='word_1_196' title='bbox 127 2187 196 2249; x_wconf 93' lang='lat' dir='ltr'><strong>dato</strong></span> <span class='ocrx_word' id='word_1_197' title='bbox 212 2188 260 2248; x_wconf 90' lang='lat' dir='ltr'><strong>alii</strong></span> <span class='ocrx_word' id='word_1_198' title='bbox 274 2189 393 2267; x_wconf 86' lang='lat' dir='ltr'><strong>volgum</strong></span> <span class='ocrx_word' id='word_1_199' title='bbox 409 2189 534 2249; x_wconf 82' lang='lat' dir='ltr'><strong>effusum</strong></span> <span class='ocrx_word' id='word_1_200' title='bbox 551 2189 658 2268; x_wconf 93' lang='lat' dir='ltr'><strong>oppido</strong></span> <span class='ocrx_word' id='word_1_201' title='bbox 674 2188 803 2260; x_wconf 86' lang='lat' dir='ltr'><strong>caedere,</strong></span> <span class='ocrx_word' id='word_1_202' title='bbox 820 2187 867 2249; x_wconf 89' lang='lat' dir='ltr'><strong>alii</strong></span> <span class='ocrx_word' id='word_1_203' title='bbox 882 2189 917 2248; x_wconf 89' lang='lat' dir='ltr'><strong>ad</strong></span> <span class='ocrx_word' id='word_1_204' title='bbox 932 2195 1032 2268; x_wconf 90' lang='lat' dir='ltr'><strong>portas</strong></span> <span class='ocrx_word' id='word_1_205' title='bbox 1042 2189 1190 2264; x_wconf 86' lang='lat' dir='ltr'><strong>festinare,</strong></span> 
     </span>
     <span class='ocr_line' id='line_1_23' title="bbox 127 2272 1193 2353; baseline 0.002 -19"><span class='ocrx_word' id='word_1_206' title='bbox 127 2291 196 2352; x_wconf 89' lang='lat' dir='ltr'><strong>pars</strong></span> <span class='ocrx_word' id='word_1_207' title='bbox 210 2273 301 2334; x_wconf 87' lang='lat' dir='ltr'><strong>turris</strong></span> <span class='ocrx_word' id='word_1_208' title='bbox 313 2291 431 2352; x_wconf 86' lang='lat' dir='ltr'><strong>cepere:</strong></span> <span class='ocrx_word' id='word_1_209' title='bbox 447 2272 490 2334; x_wconf 86' lang='lat' dir='ltr'><strong>ira</strong></span> <span class='ocrx_word' id='word_1_210' title='bbox 501 2280 588 2352; x_wconf 89' lang='lat' dir='ltr'><strong>atque</strong></span> <span class='ocrx_word' id='word_1_211' title='bbox 600 2273 724 2352; x_wconf 86' lang='lat' dir='ltr'><strong>praedae</strong></span> <span class='ocrx_word' id='word_1_212' title='bbox 735 2292 802 2352; x_wconf 91' lang='lat' dir='ltr'><strong>spes</strong></span> <span class='ocrx_word' id='word_1_213' title='bbox 814 2274 939 2353; x_wconf 91' lang='lat' dir='ltr'><strong>amplius</strong></span> <span class='ocrx_word' id='word_1_214' title='bbox 951 2292 1039 2353; x_wconf 83' lang='lat' dir='ltr'><strong>quern</strong></span> <span class='ocrx_word' id='word_1_215' title='bbox 1051 2273 1193 2336; x_wconf 85' lang='lat' dir='ltr'><strong>lassitudo</strong></span> 
     </span>
     <span class='ocr_line' id='line_1_24' title="bbox 127 2357 1229 2437; baseline -0.002 -19"><span class='ocrx_word' id='word_1_216' title='bbox 127 2376 224 2437; x_wconf 90' lang='lat' dir='ltr'><strong>posse.</strong></span> <span class='ocrx_word' id='word_1_217' title='bbox 254 2357 295 2420; x_wconf 88' lang='lat' dir='ltr'><strong>ita</strong></span> <span class='ocrx_word' id='word_1_218' title='bbox 309 2357 454 2437; x_wconf 84' lang='lat' dir='ltr'><strong>Vagenses</strong></span> <span class='ocrx_word' id='word_1_219' title='bbox 469 2357 591 2418; x_wconf 89' lang='lat' dir='ltr'><strong>biduom</strong></span> <span class='ocrx_word' id='word_1_220' title='bbox 603 2359 693 2420; x_wconf 90' lang='lat' dir='ltr'><strong>modo</strong></span> <span class='ocrx_word' id='word_1_221' title='bbox 705 2377 741 2418; x_wconf 84' lang='lat' dir='ltr'><strong>ex</strong></span> <span class='ocrx_word' id='word_1_222' title='bbox 752 2358 871 2436; x_wconf 90' lang='lat' dir='ltr'><strong>perfidia</strong></span> <span class='ocrx_word' id='word_1_223' title='bbox 882 2359 989 2420; x_wconf 86' lang='lat' dir='ltr'><strong>laetati.</strong></span> <span class='ocrx_word' id='word_1_224' title='bbox 1015 2359 1116 2420; x_wconf 86' lang='lat' dir='ltr'><strong>civitas</strong></span> <span class='ocrx_word' id='word_1_225' title='bbox 1127 2377 1191 2420; x_wconf 92' lang='lat' dir='ltr'><strong>ma·</strong></span> <span class='ocrx_word' id='word_1_226' title='bbox 1213 2367 1229 2416; x_wconf 78' lang='grc'>3</span> 
     </span>
     <span class='ocr_line' id='line_1_25' title="bbox 125 2443 1228 2522; baseline -0.001 -20"><span class='ocrx_word' id='word_1_227' title='bbox 125 2460 182 2522; x_wconf 85' lang='lat' dir='ltr'><strong>gna</strong></span> <span class='ocrx_word' id='word_1_228' title='bbox 200 2449 231 2503; x_wconf 92' lang='lat' dir='ltr'><strong>et</strong></span> <span class='ocrx_word' id='word_1_229' title='bbox 246 2443 371 2522; x_wconf 90' lang='lat' dir='ltr'><strong>opulens</strong></span> <span class='ocrx_word' id='word_1_230' title='bbox 386 2449 491 2504; x_wconf 89' lang='lat' dir='ltr'><strong>cuncta</strong></span> <span class='ocrx_word' id='word_1_231' title='bbox 505 2460 617 2521; x_wconf 91' lang='lat' dir='ltr'><strong>poenae</strong></span> <span class='ocrx_word' id='word_1_232' title='bbox 631 2449 683 2504; x_wconf 89' lang='lat' dir='ltr'><strong>aut</strong></span> <span class='ocrx_word' id='word_1_233' title='bbox 697 2444 821 2521; x_wconf 89' lang='lat' dir='ltr'><strong>praedae</strong></span> <span class='ocrx_word' id='word_1_234' title='bbox 834 2443 902 2503; x_wconf 88' lang='lat' dir='ltr'><strong>fuit.</strong></span> <span class='ocrx_word' id='word_1_235' title='bbox 927 2443 1084 2522; x_wconf 88' lang='lat' dir='ltr'><strong>Turpilius,</strong></span> <span class='ocrx_word' id='word_1_236' title='bbox 1102 2463 1191 2522; x_wconf 91' lang='lat' dir='ltr'><strong>quem</strong></span> <span class='ocrx_word' id='word_1_237' title='bbox 1212 2452 1228 2501; x_wconf 83' lang='lat'>4</span> 
     </span>
     <span class='ocr_line' id='line_1_26' title="bbox 71 2526 1189 2607; baseline 0.004 -23"><span class='ocrx_word' id='word_1_238' title='bbox 71 2533 103 2584; x_wconf 84' lang='lat'><strong>25</strong></span> <span class='ocrx_word' id='word_1_239' title='bbox 124 2527 308 2606; x_wconf 82' lang='lat' dir='ltr'><strong>praefectum</strong></span> <span class='ocrx_word' id='word_1_240' title='bbox 320 2527 419 2607; x_wconf 93' lang='lat' dir='ltr'><strong>oppidi</strong></span> <span class='ocrx_word' id='word_1_241' title='bbox 429 2543 524 2588; x_wconf 90' lang='lat' dir='ltr'><strong>unum</strong></span> <span class='ocrx_word' id='word_1_242' title='bbox 535 2547 572 2588; x_wconf 82' lang='lat' dir='ltr'><strong>ex</strong></span> <span class='ocrx_word' id='word_1_243' title='bbox 583 2526 719 2588; x_wconf 83' lang='lat' dir='ltr'><strong>omnibus</strong></span> <span class='ocrx_word' id='word_1_244' title='bbox 728 2527 892 2606; x_wconf 89' lang='lat' dir='ltr'><strong>profugisse</strong></span> <span class='ocrx_word' id='word_1_245' title='bbox 900 2545 988 2606; x_wconf 88' lang='lat' dir='ltr'><strong>supra</strong></span> <span class='ocrx_word' id='word_1_246' title='bbox 996 2527 1189 2601; x_wconf 91' lang='lat' dir='ltr'><strong>ostendimus,</strong></span> 
     </span>
     <span class='ocr_line' id='line_1_27' title="bbox 124 2611 1188 2691; baseline 0.001 -19"><span class='ocrx_word' id='word_1_247' title='bbox 124 2613 225 2674; x_wconf 87' lang='lat' dir='ltr'><strong>iussus</strong></span> <span class='ocrx_word' id='word_1_248' title='bbox 245 2631 263 2672; x_wconf 91' lang='lat' dir='ltr'><strong>a</strong></span> <span class='ocrx_word' id='word_1_249' title='bbox 281 2611 397 2672; x_wconf 88' lang='lat' dir='ltr'><strong>Metello</strong></span> <span class='ocrx_word' id='word_1_250' title='bbox 417 2629 534 2672; x_wconf 87' lang='lat' dir='ltr'><strong>causam</strong></span> <span class='ocrx_word' id='word_1_251' title='bbox 555 2611 651 2674; x_wconf 91' lang='lat' dir='ltr'><strong>dicere</strong></span> <span class='ocrx_word' id='word_1_252' title='bbox 666 2619 824 2690; x_wconf 87' lang='lat' dir='ltr'><strong>postquam</strong></span> <span class='ocrx_word' id='word_1_253' title='bbox 840 2630 905 2672; x_wconf 91' lang='lat' dir='ltr'><strong>sese</strong></span> <span class='ocrx_word' id='word_1_254' title='bbox 919 2629 1024 2690; x_wconf 89' lang='lat' dir='ltr'><strong>parum</strong></span> <span class='ocrx_word' id='word_1_255' title='bbox 1039 2619 1188 2691; x_wconf 83' lang='lat' dir='ltr'><strong>expurgat,</strong></span> 
     </span>
     <span class='ocr_line' id='line_1_28' title="bbox 121 2695 1189 2776; baseline -0.003 -17"><span class='ocrx_word' id='word_1_256' title='bbox 121 2697 338 2759; x_wconf 88' lang='lat' dir='ltr'><strong>condemnatus</strong></span> <span class='ocrx_word' id='word_1_257' title='bbox 352 2696 580 2776; x_wconf 83' lang='lat' dir='ltr'><strong>verberatusque</strong></span> <span class='ocrx_word' id='word_1_258' title='bbox 596 2696 690 2776; x_wconf 89' lang='lat' dir='ltr'><strong>capite</strong></span> <span class='ocrx_word' id='word_1_259' title='bbox 705 2713 815 2776; x_wconf 91' lang='lat' dir='ltr'><strong>poenas</strong></span> <span class='ocrx_word' id='word_1_260' title='bbox 830 2695 930 2756; x_wconf 89' lang='lat' dir='ltr'><strong>solvit:</strong></span> <span class='ocrx_word' id='word_1_261' title='bbox 947 2713 1016 2758; x_wconf 91' lang='lat' dir='ltr'><strong>nam</strong></span> <span class='ocrx_word' id='word_1_262' title='bbox 1031 2696 1057 2758; x_wconf 91' lang='lat' dir='ltr'><strong>is</strong></span> <span class='ocrx_word' id='word_1_263' title='bbox 1072 2695 1142 2756; x_wconf 90' lang='lat' dir='ltr'><strong>civis</strong></span> <span class='ocrx_word' id='word_1_264' title='bbox 1153 2715 1189 2756; x_wconf 85' lang='lat' dir='ltr'><strong>ex</strong></span> 
     </span>
     <span class='ocr_line' id='line_1_29' title="bbox 122 2781 295 2842; baseline 0 0"><span class='ocrx_word' id='word_1_265' title='bbox 122 2781 206 2842; x_wconf 88' lang='lat' dir='ltr'><strong>Latio</strong></span> <span class='ocrx_word' id='word_1_266' title='bbox 223 2787 295 2842; x_wconf 89' lang='lat' dir='ltr'><strong>erat.</strong></span> 
     </span>
    </p>

    <p class='ocr_par' dir='ltr' id='par_1_3' title="bbox 68 2863 1308 3116">
     <span class='ocr_line' id='line_1_30' title="bbox 208 2863 1249 2946; baseline -0.001 -19"><span class='ocrx_word' id='word_1_267' title='bbox 208 2867 267 2927; x_wconf 91' lang='lat' dir='ltr'><strong>Per</strong></span> <span class='ocrx_word' id='word_1_268' title='bbox 285 2865 365 2928; x_wconf 88' lang='lat' dir='ltr'><strong>idern</strong></span> <span class='ocrx_word' id='word_1_269' title='bbox 384 2871 502 2946; x_wconf 90' lang='lat' dir='ltr'><strong>tempus</strong></span> <span class='ocrx_word' id='word_1_270' title='bbox 521 2865 681 2936; x_wconf 89' lang='lat' dir='ltr'><strong>Bomilcar,</strong></span> <span class='ocrx_word' id='word_1_271' title='bbox 703 2864 786 2926; x_wconf 89' lang='lat' dir='ltr'><strong>cuins</strong></span> <span class='ocrx_word' id='word_1_272' title='bbox 806 2865 924 2944; x_wconf 89' lang='lat' dir='ltr'><strong>inpulsu</strong></span> <span class='ocrx_word' id='word_1_273' title='bbox 942 2865 1083 2944; x_wconf 87' lang='lat' dir='ltr'><strong>Iugurtha</strong></span> <span class='ocrx_word' id='word_1_274' title='bbox 1102 2865 1187 2928; x_wconf 91' lang='lat' dir='ltr'><strong>dedi-</strong></span> <span class='ocrx_word' id='word_1_275' title='bbox 1208 2863 1249 2927; x_wconf 75' lang='lat' dir='ltr'><strong>att</strong></span> 
     </span>
     <span class='ocr_line' id='line_1_31' title="bbox 68 2949 1308 3030; baseline 0 -18"><span class='ocrx_word' id='word_1_276' title='bbox 68 2951 250 3025; x_wconf 77' lang='lat' dir='ltr'><strong>tutionem,</strong></span> <span class='ocrx_word' id='word_1_277' title='bbox 273 2969 362 3030; x_wconf 87' lang='lat' dir='ltr'><strong>quarn</strong></span> <span class='ocrx_word' id='word_1_278' title='bbox 384 2958 467 3012; x_wconf 89' lang='lat' dir='ltr'><strong>metu</strong></span> <span class='ocrx_word' id='word_1_279' title='bbox 486 2950 630 3022; x_wconf 90' lang='lat' dir='ltr'><strong>deseruit,</strong></span> <span class='ocrx_word' id='word_1_280' title='bbox 650 2949 812 3028; x_wconf 88' lang='lat' dir='ltr'><strong>inceperat,</strong></span> <span class='ocrx_word' id='word_1_281' title='bbox 834 2956 989 3030; x_wconf 90' lang='lat' dir='ltr'><strong>suspectus</strong></span> <span class='ocrx_word' id='word_1_282' title='bbox 1004 2950 1065 3030; x_wconf 88' lang='lat' dir='ltr'><strong>regi</strong></span> <span class='ocrx_word' id='word_1_283' title='bbox 1080 2951 1187 3030; x_wconf 87' lang='lat' dir='ltr'><strong>etipse</strong></span> <span class='ocrx_word' id='word_1_284' title='bbox 1307 2977 1308 2981; x_wconf 42' lang='lat'>¹</span> 
     </span>
     <span class='ocr_line' id='line_1_32' title="bbox 120 3034 1186 3116; baseline -0.001 -18"><span class='ocrx_word' id='word_1_285' title='bbox 120 3055 192 3098; x_wconf 90' lang='lat' dir='ltr'><strong>eum</strong></span> <span class='ocrx_word' id='word_1_286' title='bbox 209 3035 373 3116; x_wconf 90' lang='lat' dir='ltr'><strong>suspiciens</strong></span> <span class='ocrx_word' id='word_1_287' title='bbox 387 3053 479 3097; x_wconf 90' lang='lat' dir='ltr'><strong>novas</strong></span> <span class='ocrx_word' id='word_1_288' title='bbox 495 3053 543 3096; x_wconf 89' lang='lat' dir='ltr'><strong>res</strong></span> <span class='ocrx_word' id='word_1_289' title='bbox 554 3053 671 3116; x_wconf 90' lang='lat' dir='ltr'><strong>cupere,</strong></span> <span class='ocrx_word' id='word_1_290' title='bbox 687 3035 723 3096; x_wconf 91' lang='lat' dir='ltr'><strong>ad</strong></span> <span class='ocrx_word' id='word_1_291' title='bbox 734 3035 895 3114; x_wconf 88' lang='lat' dir='ltr'><strong>perniciem</strong></span> <span class='ocrx_word' id='word_1_292' title='bbox 907 3034 969 3096; x_wconf 92' lang='lat' dir='ltr'><strong>eius</strong></span> <span class='ocrx_word' id='word_1_293' title='bbox 982 3035 1083 3097; x_wconf 91' lang='lat' dir='ltr'><strong>dolum</strong></span> <span class='ocrx_word' id='word_1_294' title='bbox 1095 3054 1186 3116; x_wconf 89' lang='lat' dir='ltr'><strong>quae-</strong></span> 
     </span>
    </p>

    <p class='ocr_par' dir='ltr' id='par_1_4' title="bbox 68 3119 1222 3541">
     <span class='ocr_line' id='line_1_33' title="bbox 121 3119 1222 3200; baseline -0.002 -18"><span class='ocrx_word' id='word_1_295' title='bbox 121 3139 203 3195; x_wconf 88' lang='lat' dir='ltr'><strong>rere,</strong></span> <span class='ocrx_word' id='word_1_296' title='bbox 224 3121 271 3182; x_wconf 93' lang='lat' dir='ltr'><strong>die</strong></span> <span class='ocrx_word' id='word_1_297' title='bbox 290 3127 440 3200; x_wconf 90' lang='lat' dir='ltr'><strong>noctuque</strong></span> <span class='ocrx_word' id='word_1_298' title='bbox 457 3121 577 3200; x_wconf 88' lang='lat' dir='ltr'><strong>fatigare</strong></span> <span class='ocrx_word' id='word_1_299' title='bbox 593 3120 741 3194; x_wconf 89' lang='lat' dir='ltr'><strong>animum;</strong></span> <span class='ocrx_word' id='word_1_300' title='bbox 756 3119 883 3200; x_wconf 88' lang='lat' dir='ltr'><strong>denique</strong></span> <span class='ocrx_word' id='word_1_301' title='bbox 899 3120 999 3181; x_wconf 88' lang='lat' dir='ltr'><strong>omnia</strong></span> <span class='ocrx_word' id='word_1_302' title='bbox 1014 3121 1186 3200; x_wconf 88' lang='lat' dir='ltr'><strong>temptando</strong></span> <span class='ocrx_word' id='word_1_303' title='bbox 1207 3131 1222 3180; x_wconf 83' lang='lat'><strong>2</strong></span> 
     </span>
     <span class='ocr_line' id='line_1_34' title="bbox 120 3205 1186 3286; baseline -0.002 -20"><span class='ocrx_word' id='word_1_304' title='bbox 120 3206 236 3268; x_wconf 88' lang='lat' dir='ltr'><strong>socium</strong></span> <span class='ocrx_word' id='word_1_305' title='bbox 252 3205 308 3266; x_wconf 93' lang='lat' dir='ltr'><strong>sibi</strong></span> <span class='ocrx_word' id='word_1_306' title='bbox 323 3205 454 3286; x_wconf 87' lang='lat' dir='ltr'><strong>adiungit</strong></span> <span class='ocrx_word' id='word_1_307' title='bbox 468 3205 653 3278; x_wconf 82' lang='lat' dir='ltr'><strong>Nabdalsam,</strong></span> <span class='ocrx_word' id='word_1_308' title='bbox 668 3205 822 3266; x_wconf 88' lang='lat' dir='ltr'><strong>hominem</strong></span> <span class='ocrx_word' id='word_1_309' title='bbox 836 3205 976 3278; x_wconf 90' lang='lat' dir='ltr'><strong>nobilem,</strong></span> <span class='ocrx_word' id='word_1_310' title='bbox 993 3205 1109 3283; x_wconf 87' lang='lat' dir='ltr'><strong>magnis</strong></span> <span class='ocrx_word' id='word_1_311' title='bbox 1120 3205 1186 3283; x_wconf 90' lang='lat' dir='ltr'><strong>opi-</strong></span> 
     </span>
     <span class='ocr_line' id='line_1_35' title="bbox 120 3289 1185 3370; baseline -0.003 -18"><span class='ocrx_word' id='word_1_312' title='bbox 120 3290 191 3364; x_wconf 90' lang='lat' dir='ltr'><strong>bus,</strong></span> <span class='ocrx_word' id='word_1_313' title='bbox 208 3309 310 3352; x_wconf 88' lang='lat' dir='ltr'><strong>carum</strong></span> <span class='ocrx_word' id='word_1_314' title='bbox 325 3299 537 3370; x_wconf 90' lang='lat' dir='ltr'><strong>acceptumque</strong></span> <span class='ocrx_word' id='word_1_315' title='bbox 551 3289 741 3370; x_wconf 89' lang='lat' dir='ltr'><strong>popularibus</strong></span> <span class='ocrx_word' id='word_1_316' title='bbox 756 3289 832 3362; x_wconf 90' lang='lat' dir='ltr'><strong>suis,</strong></span> <span class='ocrx_word' id='word_1_317' title='bbox 849 3290 899 3367; x_wconf 91' lang='lat' dir='ltr'><strong>qui</strong></span> <span class='ocrx_word' id='word_1_318' title='bbox 913 3290 1088 3368; x_wconf 90' lang='lat' dir='ltr'><strong>plerumque</strong></span> <span class='ocrx_word' id='word_1_319' title='bbox 1102 3307 1185 3349; x_wconf 86' lang='lat' dir='ltr'><strong>seor-</strong></span> 
     </span>
     <span class='ocr_line' id='line_1_36' title="bbox 68 3373 1184 3454; baseline 0.002 -22"><span class='ocrx_word' id='word_1_320' title='bbox 68 3381 100 3432; x_wconf 79' lang='lat'><strong>35</strong></span> <span class='ocrx_word' id='word_1_321' title='bbox 120 3393 188 3437; x_wconf 90' lang='lat' dir='ltr'><strong>sum</strong></span> <span class='ocrx_word' id='word_1_322' title='bbox 206 3375 244 3438; x_wconf 88' lang='lat' dir='ltr'><strong>ab</strong></span> <span class='ocrx_word' id='word_1_323' title='bbox 256 3394 325 3454; x_wconf 87' lang='lat' dir='ltr'><strong>rege</strong></span> <span class='ocrx_word' id='word_1_324' title='bbox 340 3376 501 3438; x_wconf 83' lang='lat' dir='ltr'><strong>exercitum</strong></span> <span class='ocrx_word' id='word_1_325' title='bbox 517 3375 638 3436; x_wconf 88' lang='lat' dir='ltr'><strong>ductare</strong></span> <span class='ocrx_word' id='word_1_326' title='bbox 652 3381 682 3435; x_wconf 93' lang='lat' dir='ltr'><strong>et</strong></span> <span class='ocrx_word' id='word_1_327' title='bbox 697 3375 794 3434; x_wconf 89' lang='lat' dir='ltr'><strong>omnis</strong></span> <span class='ocrx_word' id='word_1_328' title='bbox 808 3392 856 3434; x_wconf 90' lang='lat' dir='ltr'><strong>res</strong></span> <span class='ocrx_word' id='word_1_329' title='bbox 872 3373 977 3451; x_wconf 87' lang='lat' dir='ltr'><strong>exequi</strong></span> <span class='ocrx_word' id='word_1_330' title='bbox 992 3373 1096 3434; x_wconf 90' lang='lat' dir='ltr'><strong>solitus</strong></span> <span class='ocrx_word' id='word_1_331' title='bbox 1111 3379 1184 3445; x_wconf 88' lang='lat' dir='ltr'><strong>erat,</strong></span> 
     </span>
     <span class='ocr_line' id='line_1_37' title="bbox 121 3457 1184 3541; baseline -0.004 -19"><span class='ocrx_word' id='word_1_332' title='bbox 121 3479 197 3541; x_wconf 87' lang='lat' dir='ltr'><strong>quae</strong></span> <span class='ocrx_word' id='word_1_333' title='bbox 216 3461 373 3540; x_wconf 86' lang='lat' dir='ltr'><strong>Iugurthae</strong></span> <span class='ocrx_word' id='word_1_334' title='bbox 391 3461 470 3522; x_wconf 88' lang='lat' dir='ltr'><strong>fesso</strong></span> <span class='ocrx_word' id='word_1_335' title='bbox 491 3467 542 3522; x_wconf 88' lang='lat' dir='ltr'><strong>aut</strong></span> <span class='ocrx_word' id='word_1_336' title='bbox 565 3459 725 3523; x_wconf 88' lang='lat' dir='ltr'><strong>maioribus</strong></span> <span class='ocrx_word' id='word_1_337' title='bbox 743 3457 883 3519; x_wconf 90' lang='lat' dir='ltr'><strong>adstricto</strong></span> <span class='ocrx_word' id='word_1_338' title='bbox 903 3463 1125 3536; x_wconf 86' lang='lat' dir='ltr'><strong>superaverant:</strong></span> <span class='ocrx_word' id='word_1_339' title='bbox 1148 3477 1184 3518; x_wconf 86' lang='lat' dir='ltr'><strong>ex</strong></span> 
     </span>
    </p>
   </div>
   <div class='ocr_carea' id='block_1_3' title="bbox 119 3579 1229 4140">
    <p class='ocr_par' dir='ltr' id='par_1_5' title="bbox 119 3579 1229 4140">
     <span class='ocr_line' id='line_1_38' title="bbox 190 3579 1229 3664; baseline -0.002 -18"><span class='ocrx_word' id='word_1_340' title='bbox 190 3595 203 3646; x_wconf 91' lang='lat'>1</span> <span class='ocrx_word' id='word_1_341' title='bbox 224 3597 383 3664; x_wconf 77' lang='lat' dir='ltr'><strong>aspectione</strong></span> <span class='ocrx_word' id='word_1_342' title='bbox 395 3604 439 3647; x_wconf 89' lang='lat' dir='ltr'><strong>ant</strong></span> <span class='ocrx_word' id='word_1_343' title='bbox 451 3595 502 3660; x_wconf 88' lang='lat' dir='ltr'><strong>PC,</strong></span> <span class='ocrx_word' id='word_1_344' title='bbox 515 3595 675 3662; x_wconf 82' lang='lat' dir='ltr'><strong>aspectione</strong></span> <span class='ocrx_word' id='word_1_345' title='bbox 688 3609 720 3644; x_wconf 85' lang='lat' dir='ltr'><strong>an</strong></span> <span class='ocrx_word' id='word_1_346' title='bbox 734 3591 774 3661; x_wconf 74' lang='grc'><strong>011</strong></span> <span class='ocrx_word' id='word_1_347' title='bbox 786 3593 802 3644; x_wconf 83' lang='grc'><strong>4</strong></span> <span class='ocrx_word' id='word_1_348' title='bbox 814 3600 959 3660; x_wconf 78' lang='lat' dir='ltr'><strong>oompqerut</strong></span> <span class='ocrx_word' id='word_1_349' title='bbox 970 3593 995 3644; x_wconf 88' lang='lat' dir='ltr'><em>P</em></span> <span class='ocrx_word' id='word_1_350' title='bbox 1010 3590 1020 3659; x_wconf 88' lang='grc' dir='ltr'>Ι</span> <span class='ocrx_word' id='word_1_351' title='bbox 1037 3593 1052 3642; x_wconf 79' lang='lat' dir='ltr'><strong>t</strong></span> <span class='ocrx_word' id='word_1_352' title='bbox 1071 3592 1149 3644; x_wconf 87' lang='lat' dir='ltr'><strong>ambit</strong></span> <span class='ocrx_word' id='word_1_353' title='bbox 1160 3593 1185 3644; x_wconf 88' lang='lat' dir='ltr'><em>P</em></span> <span class='ocrx_word' id='word_1_354' title='bbox 1225 3579 1229 3590; x_wconf 22' lang='grc' dir='ltr'><strong>Χ</strong></span> 
     </span>
     <span class='ocr_line' id='line_1_39' title="bbox 119 3659 1182 3732; baseline -0.005 -16"><span class='ocrx_word' id='word_1_355' title='bbox 119 3663 128 3732; x_wconf 80' lang='grc' dir='ltr'><strong>ΙΙ</strong></span> <span class='ocrx_word' id='word_1_356' title='bbox 138 3666 154 3716; x_wconf 86' lang='grc'><strong>6</strong></span> <span class='ocrx_word' id='word_1_357' title='bbox 166 3662 288 3716; x_wconf 89' lang='lat' dir='ltr'><strong>festinant</strong></span> <span class='ocrx_word' id='word_1_358' title='bbox 300 3681 335 3716; x_wconf 75' lang='lat' dir='ltr'><strong>erc</strong></span> <span class='ocrx_word' id='word_1_359' title='bbox 347 3663 451 3716; x_wconf 84' lang='lat' dir='ltr'><strong>festinat</strong></span> <span class='ocrx_word' id='word_1_360' title='bbox 459 3665 484 3716; x_wconf 87' lang='grc' dir='ltr'><em>Ρ</em></span> <span class='ocrx_word' id='word_1_361' title='bbox 495 3663 504 3730; x_wconf 84' lang='grc' dir='ltr'><strong>ΙΙ</strong></span> <span class='ocrx_word' id='word_1_362' title='bbox 518 3664 534 3714; x_wconf 88' lang='lat'>8</span> <span class='ocrx_word' id='word_1_363' title='bbox 545 3669 649 3732; x_wconf 86' lang='lat' dir='ltr'><strong>postera</strong></span> <span class='ocrx_word' id='word_1_364' title='bbox 661 3661 713 3725; x_wconf 85' lang='lat' dir='ltr'><strong>PC,</strong></span> <span class='ocrx_word' id='word_1_365' title='bbox 725 3669 830 3728; x_wconf 89' lang='lat' dir='ltr'><strong>postero</strong></span> <span class='ocrx_word' id='word_1_366' title='bbox 842 3659 863 3711; x_wconf 84' lang='lat'><em>0</em></span> <span class='ocrx_word' id='word_1_367' title='bbox 873 3660 882 3728; x_wconf 73' lang='grc' dir='ltr'><strong>Η</strong></span> <span class='ocrx_word' id='word_1_368' title='bbox 895 3661 911 3710; x_wconf 87' lang='grc'>9</span> <span class='ocrx_word' id='word_1_369' title='bbox 929 3662 992 3710; x_wconf 85' lang='lat' dir='ltr'><strong>bora</strong></span> <span class='ocrx_word' id='word_1_370' title='bbox 1005 3659 1082 3711; x_wconf 88' lang='lat' dir='ltr'><strong>tertia</strong></span> <span class='ocrx_word' id='word_1_371' title='bbox 1094 3661 1125 3724; x_wconf 89' lang='lat' dir='ltr'><strong>P,</strong></span> <span class='ocrx_word' id='word_1_372' title='bbox 1137 3661 1182 3711; x_wconf 91' lang='lat' dir='ltr'><strong>bo·</strong></span> 
     </span>
     <span class='ocr_line' id='line_1_40' title="bbox 121 3727 1185 3800; baseline -0.004 -17"><span class='ocrx_word' id='word_1_373' title='bbox 121 3749 174 3783; x_wconf 81' lang='lat' dir='ltr'><strong>ram</strong></span> <span class='ocrx_word' id='word_1_374' title='bbox 187 3733 289 3784; x_wconf 83' lang='lat' dir='ltr'><strong>tertium</strong></span> <span class='ocrx_word' id='word_1_375' title='bbox 301 3733 340 3800; x_wconf 73' lang='lat' dir='ltr'><strong>CV</strong></span> <span class='ocrx_word' id='word_1_376' title='bbox 356 3733 385 3782; x_wconf 81' lang='lat'><strong>15</strong></span> <span class='ocrx_word' id='word_1_377' title='bbox 403 3732 456 3782; x_wconf 84' lang='lat' dir='ltr'><strong>late</strong></span> <span class='ocrx_word' id='word_1_378' title='bbox 470 3732 496 3794; x_wconf 85' lang='lat' dir='ltr'><strong>C,</strong></span> <span class='ocrx_word' id='word_1_379' title='bbox 508 3733 590 3782; x_wconf 89' lang='lat' dir='ltr'><strong>latere</strong></span> <span class='ocrx_word' id='word_1_380' title='bbox 603 3731 649 3781; x_wconf 81' lang='lat' dir='ltr'><strong>PG</strong></span> <span class='ocrx_word' id='word_1_381' title='bbox 662 3729 672 3797; x_wconf 70' lang='lat' dir='ltr'><strong>ll</strong></span> <span class='ocrx_word' id='word_1_382' title='bbox 685 3730 718 3780; x_wconf 77' lang='lat'><strong>20</strong></span> <span class='ocrx_word' id='word_1_383' title='bbox 737 3729 811 3779; x_wconf 91' lang='lat' dir='ltr'><strong>obuio</strong></span> <span class='ocrx_word' id='word_1_384' title='bbox 824 3727 869 3797; x_wconf 77' lang='lat' dir='ltr'><strong>Pu</strong></span> <span class='ocrx_word' id='word_1_385' title='bbox 883 3729 911 3778; x_wconf 81' lang='lat'><strong>21</strong></span> <span class='ocrx_word' id='word_1_386' title='bbox 931 3729 1032 3793; x_wconf 85' lang='lat' dir='ltr'><strong>uolgum</strong></span> <span class='ocrx_word' id='word_1_387' title='bbox 1045 3729 1092 3792; x_wconf 82' lang='lat' dir='ltr'><strong>(ita</strong></span> <span class='ocrx_word' id='word_1_388' title='bbox 1101 3729 1132 3792; x_wconf 86' lang='grc' dir='ltr'><strong>Ρ)</strong></span> <span class='ocrx_word' id='word_1_389' title='bbox 1144 3729 1185 3780; x_wconf 86' lang='lat' dir='ltr'><strong>oei</strong></span> 
     </span>
     <span class='ocr_line' id='line_1_41' title="bbox 121 3793 1182 3867; baseline -0.003 -16"><span class='ocrx_word' id='word_1_390' title='bbox 121 3801 222 3866; x_wconf 83' lang='lat' dir='ltr'><strong>uulgum</strong></span> <span class='ocrx_word' id='word_1_391' title='bbox 231 3799 278 3851; x_wconf 71' lang='grc' dir='ltr'><strong>ΡΟ</strong></span> <span class='ocrx_word' id='word_1_392' title='bbox 284 3805 392 3867; x_wconf 79' lang='lat' dir='ltr'><strong>praeter</strong></span> <span class='ocrx_word' id='word_1_393' title='bbox 403 3800 544 3850; x_wconf 69' lang='lat' dir='ltr'><strong>daemoes</strong></span> <span class='ocrx_word' id='word_1_394' title='bbox 556 3799 621 3849; x_wconf 82' lang='lat' dir='ltr'><strong>duos</strong></span> <span class='ocrx_word' id='word_1_395' title='bbox 632 3801 678 3864; x_wconf 82' lang='lat' dir='ltr'><strong>qui</strong></span> <span class='ocrx_word' id='word_1_396' title='bbox 687 3798 779 3862; x_wconf 86' lang='lat' dir='ltr'><strong>uulgus</strong></span> <span class='ocrx_word' id='word_1_397' title='bbox 797 3793 807 3864; x_wconf 73' lang='lat' dir='ltr'><strong>ll</strong></span> <span class='ocrx_word' id='word_1_398' title='bbox 825 3797 857 3847; x_wconf 75' lang='lat'><strong>22</strong></span> <span class='ocrx_word' id='word_1_399' title='bbox 876 3797 929 3847; x_wconf 85' lang='lat' dir='ltr'><strong>irae</strong></span> <span class='ocrx_word' id='word_1_400' title='bbox 942 3798 966 3848; x_wconf 93' lang='lat' dir='ltr'><strong>P</strong></span> <span class='ocrx_word' id='word_1_401' title='bbox 982 3797 992 3865; x_wconf 81' lang='lat' dir='ltr'><strong>f</strong></span> <span class='ocrx_word' id='word_1_402' title='bbox 1009 3797 1040 3846; x_wconf 79' lang='lat'><strong>27</strong></span> <span class='ocrx_word' id='word_1_403' title='bbox 1059 3797 1182 3848; x_wconf 85' lang='lat' dir='ltr'><strong>uerbera-</strong></span> 
     </span>
     <span class='ocr_line' id='line_1_42' title="bbox 121 3863 1184 3937; baseline -0.005 -18"><span class='ocrx_word' id='word_1_404' title='bbox 121 3869 202 3937; x_wconf 83' lang='lat' dir='ltr'><strong>tisqne</strong></span> <span class='ocrx_word' id='word_1_405' title='bbox 215 3875 240 3928; x_wconf 86' lang='lat' dir='ltr'><strong>(n</strong></span> <span class='ocrx_word' id='word_1_406' title='bbox 251 3885 308 3936; x_wconf 80' lang='lat' dir='ltr'><strong>sup.</strong></span> <span class='ocrx_word' id='word_1_407' title='bbox 322 3869 340 3932; x_wconf 82' lang='lat' dir='ltr'><strong>i)</strong></span> <span class='ocrx_word' id='word_1_408' title='bbox 350 3870 374 3919; x_wconf 87' lang='lat' dir='ltr'><em>P</em></span> <span class='ocrx_word' id='word_1_409' title='bbox 385 3865 395 3934; x_wconf 82' lang='grc' dir='ltr'><strong>ΙΙ</strong></span> <span class='ocrx_word' id='word_1_410' title='bbox 408 3867 471 3918; x_wconf 86' lang='lat' dir='ltr'><strong>ciuis</strong></span> <span class='ocrx_word' id='word_1_411' title='bbox 484 3883 515 3918; x_wconf 81' lang='lat' dir='ltr'><strong>cr</strong></span> <span class='ocrx_word' id='word_1_412' title='bbox 528 3867 590 3918; x_wconf 87' lang='lat' dir='ltr'><strong>latio</strong></span> <span class='ocrx_word' id='word_1_413' title='bbox 602 3866 641 3916; x_wconf 85' lang='lat' dir='ltr'><strong>ool</strong></span> <span class='ocrx_word' id='word_1_414' title='bbox 652 3865 716 3916; x_wconf 88' lang='lat' dir='ltr'><strong>cinis</strong></span> <span class='ocrx_word' id='word_1_415' title='bbox 729 3881 760 3916; x_wconf 81' lang='lat' dir='ltr'><strong>err</strong></span> <span class='ocrx_word' id='word_1_416' title='bbox 773 3865 878 3916; x_wconf 84' lang='lat' dir='ltr'><strong>collatio</strong></span> <span class='ocrx_word' id='word_1_417' title='bbox 893 3863 919 3928; x_wconf 86' lang='lat' dir='ltr'><strong>C,</strong></span> <span class='ocrx_word' id='word_1_418' title='bbox 932 3865 998 3916; x_wconf 88' lang='lat' dir='ltr'><strong>cinis</strong></span> <span class='ocrx_word' id='word_1_419' title='bbox 1011 3864 1114 3915; x_wconf 86' lang='lat' dir='ltr'><strong>collatio</strong></span> <span class='ocrx_word' id='word_1_420' title='bbox 1127 3863 1184 3926; x_wconf 76' lang='lat' dir='ltr'><strong>(sed</strong></span> 
     </span>
     <span class='ocr_line' id='line_1_43' title="bbox 121 3932 1181 4004; baseline -0.007 -17"><span class='ocrx_word' id='word_1_421' title='bbox 121 3953 153 3987; x_wconf 85' lang='lat' dir='ltr'><strong>ex</strong></span> <span class='ocrx_word' id='word_1_422' title='bbox 167 3951 262 3989; x_wconf 80' lang='lat' dir='ltr'><strong>manus</strong></span> <span class='ocrx_word' id='word_1_423' title='bbox 275 3939 364 4004; x_wconf 61' lang='lat' dir='ltr'><strong>prima</strong></span> <span class='ocrx_word' id='word_1_424' title='bbox 379 3938 491 3986; x_wconf 75' lang='lat' dir='ltr'><strong>observat</strong></span> <span class='ocrx_word' id='word_1_425' title='bbox 505 3939 531 3985; x_wconf 87' lang='lat' dir='ltr'><strong>et</strong></span> <span class='ocrx_word' id='word_1_426' title='bbox 547 3939 575 3986; x_wconf 81' lang='lat' dir='ltr'><strong>in</strong></span> <span class='ocrx_word' id='word_1_427' title='bbox 590 3937 710 4000; x_wconf 70' lang='lat' dir='ltr'><strong>margine</strong></span> <span class='ocrx_word' id='word_1_428' title='bbox 726 3933 875 4000; x_wconf 78' lang='lat' dir='ltr'><strong>adscripsit)</strong></span> <span class='ocrx_word' id='word_1_429' title='bbox 893 3933 928 3982; x_wconf 83' lang='lat' dir='ltr'><strong>P:</strong></span> <span class='ocrx_word' id='word_1_430' title='bbox 952 3948 965 3982; x_wconf 93' lang='lat' dir='ltr'><strong>c</strong></span> <span class='ocrx_word' id='word_1_431' title='bbox 982 3970 988 3982; x_wconf 94' lang='lat'>.</span> <span class='ocrx_word' id='word_1_432' title='bbox 1007 3932 1181 3984; x_wconf 68' lang='lat' dir='ltr'><strong>,Nomentanus</strong></span> 
     </span>
     <span class='ocr_line' id='line_1_44' title="bbox 121 3995 1181 4071; baseline -0.008 -16"><span class='ocrx_word' id='word_1_433' title='bbox 121 4003 284 4057; x_wconf 81' lang='lat' dir='ltr'><strong>Stadtrccbto</strong></span> <span class='ocrx_word' id='word_1_434' title='bbox 296 4021 323 4071; x_wconf 89' lang='lat' dir='ltr'><strong>p.</strong></span> <span class='ocrx_word' id='word_1_435' title='bbox 335 4003 389 4053; x_wconf 79' lang='grc'><strong>399</strong></span> <span class='ocrx_word' id='word_1_436' title='bbox 399 4003 459 4054; x_wconf 67' lang='lat' dir='ltr'><strong>adet.</strong></span> <span class='ocrx_word' id='word_1_437' title='bbox 471 4001 506 4052; x_wconf 84' lang='lat'><strong>20</strong></span> <span class='ocrx_word' id='word_1_438' title='bbox 517 4001 528 4068; x_wconf 74' lang='lat' dir='ltr'><strong>ll</strong></span> <span class='ocrx_word' id='word_1_439' title='bbox 541 4003 571 4052; x_wconf 89' lang='lat'><strong>31</strong></span> <span class='ocrx_word' id='word_1_440' title='bbox 590 4002 726 4068; x_wconf 87' lang='lat' dir='ltr'><strong>perniciem</strong></span> <span class='ocrx_word' id='word_1_441' title='bbox 736 4003 768 4064; x_wconf 87' lang='lat' dir='ltr'><strong>P,</strong></span> <span class='ocrx_word' id='word_1_442' title='bbox 780 4001 923 4066; x_wconf 87' lang='lat' dir='ltr'><strong>pernecicm</strong></span> <span class='ocrx_word' id='word_1_443' title='bbox 933 4016 953 4068; x_wconf 91' lang='lat' dir='ltr'><strong>p</strong></span> <span class='ocrx_word' id='word_1_444' title='bbox 989 3999 1021 4049; x_wconf 79' lang='grc'><strong>34</strong></span> <span class='ocrx_word' id='word_1_445' title='bbox 1034 4013 1120 4048; x_wconf 87' lang='lat' dir='ltr'><strong>eurum</strong></span> <span class='ocrx_word' id='word_1_446' title='bbox 1134 3995 1181 4048; x_wconf 80' lang='lat' dir='ltr'><strong>Co·</strong></span> 
     </span>
     <span class='ocr_line' id='line_1_45' title="bbox 123 4069 1104 4140; baseline -0.005 -17"><span class='ocrx_word' id='word_1_447' title='bbox 123 4073 204 4124; x_wconf 75' lang='lat' dir='ltr'><strong>brus:</strong></span> <span class='ocrx_word' id='word_1_448' title='bbox 217 4072 314 4122; x_wconf 86' lang='lat' dir='ltr'><strong>claram</strong></span> <span class='ocrx_word' id='word_1_449' title='bbox 325 4069 391 4140; x_wconf 77' lang='grc' dir='ltr'><strong>ΡΟΙ</strong></span> <span class='ocrx_word' id='word_1_450' title='bbox 405 4071 438 4121; x_wconf 85' lang='grc'><strong>36</strong></span> <span class='ocrx_word' id='word_1_451' title='bbox 455 4077 640 4136; x_wconf 83' lang='lat' dir='ltr'><strong>superauerunt</strong></span> <span class='ocrx_word' id='word_1_452' title='bbox 651 4073 678 4120; x_wconf 81' lang='lat' dir='ltr'><strong>air</strong></span> <span class='ocrx_word' id='word_1_453' title='bbox 695 4085 781 4134; x_wconf 76' lang='lat' dir='ltr'><strong>marg.</strong></span> <span class='ocrx_word' id='word_1_454' title='bbox 792 4086 811 4136; x_wconf 89' lang='lat' dir='ltr'><strong>p</strong></span> <span class='ocrx_word' id='word_1_455' title='bbox 1101 4091 1104 4097; x_wconf 92' lang='lat'>·</span> 
     </span>
    </p>
   </div>
   <div class='ocr_carea' id='block_1_4' title="bbox 0 0 1436 4678">
    <p class='ocr_par' dir='ltr' id='par_1_6' title="bbox 0 0 1436 4678">
     <span class='ocr_line' id='line_1_46' title="bbox 0 0 1436 4678; baseline 0 0"><span class='ocrx_word' id='word_1_456' title='bbox 0 0 1436 4678; x_wconf 95' lang='lat' dir='ltr'><strong> </strong></span> 
     </span>
    </p>
   </div>
  </div>
 </body>
</html>
