2854 4678
214 316 263 376 72·
584 309 610 358 C.
624 307 782 362 SALLUSTl
800 306 901 360 CRISPl

209 469 278 548 luga
292 469 349 528 sita
364 473 440 538 erat,
457 464 540 544 sequi
555 464 721 544 cogebatur,
738 470 768 524 et
784 463 834 542 qui
849 481 902 524 sua
916 461 981 522 loca
995 459 1152 530 defendere
1166 459 1273 538 nequi-

173 563 190 612 9
210 558 304 624 verat,
327 553 358 612 in
378 550 479 612 alienis
494 549 605 610 bellum
619 567 728 628 gerere.
757 555 858 608 tamen
872 567 910 608 ex,
923 546 1005 626 copia
1021 545 1100 624 qood
1116 551 1275 630 optumum

210 637 364 698 videbatur
377 635 531 696 consilium
547 634 639 713 capit,
661 632 822 704 exercitum
838 633 1012 711 plerumque
1028 630 1059 690 in
1074 629 1185 690 eisdem
1200 629 1274 690 locis

211 721 338 802 opperiri
348 721 438 792 iubet,
450 719 512 798 ipse
524 737 593 780 cum
605 717 723 780 delectis
734 716 880 796 equitibus
886 715 1036 777 Metellum
1047 714 1187 792 sequitur,
1200 731 1274 774 noc-

209 807 306 868 turnis
321 813 351 866 et
365 805 437 866 aviis
451 803 604 864 itineribus
618 803 769 882 ignoratus
784 802 934 863 Romanos
949 800 1072 880 palantis
1086 806 1208 877 repente
1221 817 1274 878 ag·
1298 812 1313 861 5

158 901 190 952 to
211 891 350 970 greditur.
374 908 477 951 eorum
493 889 624 968 plerique
639 888 767 962 inermes
779 887 896 958 cadunt,
909 885 995 946 multi
1006 884 1171 963 capiuntur,
1184 901 1274 946 nemo

212 975 347 1036 omnium
362 975 488 1034 intactus
502 972 641 1051 profugit,
656 979 686 1032 et
701 971 843 1032 Numidae
855 971 1027 1050 priusquam
1038 988 1075 1028 err
1086 968 1188 1028 castris
1200 968 1275 1029 sub-

210 1060 369 1130 veniretur,
386 1057 473 1139 sicuti
487 1057 559 1117 iussi
573 1063 666 1128 erant,
683 1055 714 1116 in
728 1074 890 1135 proxumos
905 1054 986 1115 collis
1001 1053 1165 1114 discedunt.

148 1147 191 1204 55
296 1143 418 1202 Interim
434 1143 545 1202 Romae
568 1141 707 1220 gaudium
727 1142 830 1220 ingens
851 1147 950 1200 ortum
966 1138 1088 1217 cognitis
1103 1136 1210 1198 Metelli
1224 1155 1274 1196 re-

211 1228 277 1300 bus,
293 1235 328 1287 ut
342 1245 431 1305 seque
447 1233 480 1286 et
492 1225 654 1285 exercitum
669 1243 753 1286 more
769 1225 915 1285 maiorum
926 1230 1049 1302 gereret,
1062 1229 1096 1282 ut
1107 1223 1138 1282 in
1150 1221 1274 1282 advorso
1300 1234 1331 1284 10

211 1313 277 1372 loco
292 1311 386 1370 victor
400 1318 500 1370 tamen
515 1309 623 1374 virtute
638 1309 751 1381 luisset,
768 1309 900 1370 hostium
915 1327 983 1388 agro
999 1307 1152 1386 potiretur,
1169 1306 1275 1384 lugur-

211 1397 295 1456 tham
320 1395 520 1472 magnudcum
541 1413 577 1454 ex
591 1393 688 1454 Albini
707 1393 841 1454 socordia
856 1412 939 1472 spem
954 1391 1056 1453 salutis
1071 1391 1102 1451 in
1117 1390 1276 1456 solitudine

175 1490 191 1540 2
212 1487 263 1541 aut
277 1479 346 1558 fuga
361 1473 504 1557 coegisset
517 1479 635 1538 habere.
665 1477 762 1556 itaque
777 1485 896 1538 senatus
913 1477 950 1538 ob
965 1497 999 1537 ea
1013 1477 1136 1536 feliciter
1150 1482 1213 1536 acta
1227 1475 1276 1534 dis

194 1616 197 1620 .
212 1563 418 1624 inmortalibus
434 1563 575 1642 supplicia
590 1563 754 1634 decernere,
772 1563 870 1622 civitas
885 1561 1003 1640 trepida
1014 1568 1100 1622 antea
1110 1567 1141 1620 et
1152 1558 1276 1621 sollicita

176 1658 191 1708 3
213 1649 249 1709 de
268 1649 336 1708 belli
358 1655 465 1708 eventu
484 1648 558 1708 laeta
579 1665 672 1726 egere,
690 1648 724 1707 de
740 1647 855 1706 Metello
870 1647 947 1706 fama
962 1645 1109 1724 praeclara
1125 1663 1197 1706 esse.
1219 1643 1275 1722 igi-
1301 1656 1330 1705 15

212 1741 263 1794 tur
278 1752 312 1792 eo
327 1733 469 1794 intentior
483 1732 519 1792 ad
534 1731 685 1792 victoriam
700 1731 770 1802 niti,
788 1731 925 1790 omnibus
940 1731 1036 1790 modis
1051 1729 1204 1800 festinare,
1224 1747 1276 1788 oa-

212 1835 280 1878 vere
302 1823 402 1877 tamen
422 1816 527 1876 necubi
542 1816 621 1876 hosti
635 1823 820 1894 opportunus
834 1815 928 1887 fieret,
943 1815 1114 1875 meminisse
1129 1820 1196 1892 post
1210 1813 1278 1891 glo-

176 1913 193 1962 4
213 1901 289 1962 riam
304 1901 442 1961 invidiam
456 1901 549 1979 sequi.
580 1901 620 1960 ita
635 1919 694 1979 quo
710 1900 814 1960 clarior
830 1906 903 1971 erat,
925 1919 960 1960 eo
976 1899 1067 1978 magis
1083 1899 1186 1958 anxius
1201 1904 1275 1970 erat,

212 2003 309 2064 neque
328 1992 396 2064 post
416 1985 533 2064 insidias
548 1985 705 2063 Iugurthae
725 1987 818 2044 elluso
838 1984 968 2045 exercitu
983 1983 1130 2062 praedari3
1146 1981 1196 2043 ubi
1210 1983 1277 2044 fru-

214 2077 317 2130 mento
332 2076 383 2130 aut
396 2069 504 2148 pabulo
519 2087 593 2147 opus
609 2077 686 2142 erat,
708 2070 845 2130 cohortes
861 2087 929 2129 cum
945 2069 1027 2129 omni
1042 2067 1174 2146 equitatu
1188 2085 1275 2146 prae·
1298 2079 1331 2128 20

215 2154 323 2214 sidium
344 2153 506 2232 agitabant3
528 2153 672 2214 exercitus
692 2161 805 2232 partem
821 2154 897 2232 ipse,
918 2153 1047 2232 reliquos
1062 2152 1169 2212 Marius
1185 2152 1276 2212 duce-

145 2238 276 2300 sobet.
308 2239 359 2298 sed
375 2238 435 2316 igni
450 2237 541 2316 magis
558 2257 645 2316 quam
663 2239 770 2316 praeda
785 2257 853 2318 ager
867 2237 1043 2299 vastabatur.
1074 2237 1190 2297 duobus
1205 2235 1279 2296 locis

178 2334 193 2382 7
215 2323 294 2382 haud
313 2323 399 2400 longe
420 2323 498 2382 inter
516 2341 548 2382 se
570 2329 664 2382 castra
685 2323 837 2382 faciebant.
866 2323 917 2382 ubi
937 2323 965 2382 vi
988 2341 1062 2401 opus
1081 2328 1158 2393 erat,
1180 2321 1280 2382 cuncti

216 2407 346 2468 aderant.
377 2413 509 2468 ceterum
529 2425 589 2486 quo
610 2407 678 2486 fuga
697 2414 784 2486 atque
804 2407 931 2468 formido
951 2406 1038 2466 latius
1053 2412 1209 2478 cresceret,
1232 2405 1279 2464 di-

179 2500 195 2551 8
215 2492 293 2552 vorsi
309 2491 440 2570 agebant.
471 2512 507 2552 eo
521 2498 657 2570 tempore
670 2491 810 2572 Iugurtha
824 2511 878 2571 per
892 2491 974 2552 collis
989 2491 1082 2570 sequi,
1097 2498 1216 2570 tempus
1227 2497 1280 2553 aut
1301 2499 1333 2550 25

213 2577 313 2637 locum
332 2593 446 2656 pugnae
467 2583 621 2656 quaerere,
638 2595 695 2654 qua
710 2584 867 2638 venturum
881 2577 1000 2636 bostem
1014 2575 1160 2647 audierat,
1181 2575 1277 2654 pabu-

213 2661 277 2722 lum
293 2667 323 2721 et
338 2680 482 2739 aquarum
496 2661 598 2734 lontiS,
615 2679 747 2740 quorum
758 2661 880 2740 penuria
898 2668 972 2733 erat,
988 2679 1192 2738 conrumpere,
1210 2679 1278 2721 mo-

215 2744 254 2804 do
274 2763 306 2804 se
321 2745 435 2804 Metello
459 2745 607 2806 interdum
623 2745 713 2806 Morio
729 2747 900 2818 ostendere,
921 2752 1089 2824 postremos
1112 2745 1144 2804 in
1163 2746 1280 2824 agmine

214 2835 360 2908 temptare
379 2847 413 2888 ac
427 2831 526 2890 statim
540 2831 572 2889 in
586 2829 667 2890 collis
682 2831 809 2908 regredi,
831 2849 935 2891 rursus
951 2829 1013 2890 aliis
1029 2836 1097 2908 post
1111 2829 1174 2889 aliis
1189 2829 1280 2889 mini-

215 2913 281 2985 tari,
297 2931 393 2990 neque
407 2914 552 2990 proelium
566 2913 662 2974 facere
676 2932 771 2992 neque
786 2915 880 2976 otium
896 2914 969 2993 pati,
985 2921 1100 2974 tantum
1115 2914 1206 2974 modo
1220 2914 1278 2975 ho·
1301 2921 1333 2972 30

217 3003 294 3056 stem
310 2997 346 3056 ab
360 2995 477 3074 incepto
493 2997 627 3056 retinere.
1251 3053 1253 3058 .

154 3083 197 3144 dd
302 3079 455 3140 Romanus
479 3079 640 3158 imperator
665 3081 716 3142 ubi
742 3100 774 3142 se
800 3082 875 3144 dolls
894 3082 1007 3161 fatigari
1029 3081 1108 3142 videt
1127 3101 1222 3162 neque
1242 3083 1291 3143 ab.

217 3162 305 3224 hoste
325 3165 441 3248 copiam
455 3165 603 3244 pugnandi
618 3165 694 3238 lieri,
715 3167 819 3227 urbem
834 3184 971 3245 magnam
987 3174 1016 3227 et
1030 3167 1061 3226 in
1076 3185 1109 3227 ea
1124 3175 1206 3246 parte
1221 3186 1280 3246 qua

218 3247 275 3308 sita
289 3255 351 3309 erat
366 3267 462 3308 arcem
477 3249 559 3328 regni
574 3251 695 3310 nomine
709 3251 829 3312 Zamam
844 3253 947 3312 statuit
962 3251 1131 3330 obpugnare
1146 3258 1236 3322 ratus,
1248 3252 1279 3312 id

219 3332 298 3412 quod
327 3334 478 3412 negotium
501 3335 655 3413 poscebat,
681 3335 852 3414 Iugurtham
871 3335 1071 3397 laborantibus
1091 3337 1154 3396 suis
1173 3336 1279 3396 auxilio
1301 3343 1333 3392 35

181 3435 197 3484 2
217 3425 375 3479 venturum
390 3419 487 3498 ibique
501 3419 647 3498 proelium
661 3419 734 3480 fore.
765 3427 795 3480 at
810 3419 856 3480 ille
873 3439 946 3498 quae
958 3419 1136 3499 parabantur
1150 3420 1279 3500 aperiu-

217 3502 261 3580 gis
286 3501 422 3574 edoctus,
449 3504 562 3581 maguis
587 3504 738 3566 itineribus
759 3504 905 3566 Metellum
928 3505 1085 3565 antevenit.
1116 3503 1279 3584 oppidanos

216 3585 354 3647 hortatur
367 3587 484 3648 moenia
499 3588 671 3660 defendant,
688 3588 793 3649 additis
809 3589 915 3650 auxilio
931 3588 1077 3668 perfugis,
1094 3589 1174 3668 quod
1186 3606 1278 3666 genus

219 3687 254 3729 ex
266 3671 355 3748 copiis
367 3670 453 3750 regis,
466 3672 534 3750 quia
545 3672 643 3733 fallere
654 3673 804 3752 nequibat,
814 3674 1029 3734 firmissumum
1039 3679 1112 3734 erat.
1128 3680 1278 3752 praeterea

286 3905 302 3956 2
326 3905 398 3970 copia
415 3921 443 3967 z,
461 3904 545 3971 inopia
562 3907 609 3959 ΡΟ
628 3923 736 3974 quorum
752 3922 820 3958 unos
837 3895 946 3973 qinopiu
963 3905 973 3976 11
992 3907 1023 3958 10
1041 3915 1070 3958 ut
1081 3907 1107 3956 in
1119 3907 1169 3969 Pz,
1187 3913 1215 3956 ut
1226 3921 1276 3957 om.

219 3970 260 4040 Cu
275 3973 305 4024 12
324 3973 403 4022 albini
414 3971 465 4036 PC,
478 3973 530 4024 auli
541 3973 582 4042 Gi
597 3976 628 4026 18
646 3975 736 4027 auxius
749 3983 805 4026 erat
815 3972 866 4037 PC,
878 3989 987 4042 quorum
997 3975 1175 4042 consedimus
1186 3975 1278 4025 anxius

219 4048 275 4091 erat
288 4040 387 4106 (itaque
398 4041 436 4106 z),
448 4040 495 4092 aliz·
505 4043 643 4096 animosior
