2854 4678
13 1037 19 1149 l

504 321 547 372 DE
565 321 607 373 llll
625 321 797 374 11111111.
815 323 837 376 Il
1138 331 1197 392 135

141 489 213 533 esse.
243 468 389 551 porroet,
412 473 518 552 quibus
533 473 578 534 bis
594 473 640 535 die
655 481 788 536 ventrem
804 493 937 548 onerare,
954 477 1064 538 nullam
1078 486 1197 542 noctem
1218 492 1233 540 2

141 557 202 617 sine
217 563 316 616 scorto
329 557 478 636 quiescere
489 575 555 618 mos
566 565 620 630 est,
636 557 686 618 ubi
697 559 837 630 animum,
855 579 944 639 quem
955 561 1099 622 dominari
1111 563 1197 626 11111-

140 641 199 712 111,
215 641 334 702 servitio
349 659 530 720 oppressere,
546 642 742 722 nequeiquam
754 661 789 703 eo
800 651 902 722 postea
911 645 1009 706 hebeti
1019 653 1107 725 atque
1118 648 1197 710 clau-

141 725 178 786 do
193 743 247 804 pro
262 725 390 786 exercito
404 726 449 786 uti
463 725 573 786 volunt.
596 743 664 786 nam
680 727 865 806 inprudentia
878 728 1016 808 pleraque
1027 737 1057 790 et
1069 749 1100 792 11
1111 739 1205 810 prae-'
1219 745 1232 790 3

104 825 120 872 5
141 809 249 888 cipitat.
280 825 382 870 verum
396 809 468 870 hacc
483 818 511 870 et
526 810 624 871 omnia
638 811 715 872 mala
729 811 839 890 pariter
853 831 921 872 cum
936 813 1049 874 honore
1059 817 1199 892 pecuniae

140 893 289 966 desinent,
306 893 440 972 sineque
455 895 641 972 magistratus
656 913 751 973 neque
766 895 820 956 alia
835 897 917 974 volgo
933 897 1074 976 cupienda
1089 901 1204 961 venalia

140 984 236 1038 erunt.
267 977 304 1038 ad
325 977 382 1038 hoc
396 977 607 1056 providendum
622 985 667 1038 est
681 979 749 1052 tibi,
766 997 894 1058 quonam
910 982 999 1042 modo
1014 981 1095 1042 ltalia
1109 990 1197 1062 atque
1218 999 1234 1048 4

139 1060 304 1141 provinciae
319 1061 441 1126 tutiores
457 1063 529 1122 sint:
551 1063 579 1122 id
596 1063 673 1140 quod
687 1063 766 1124 factu
780 1063 858 1124 haud
873 1064 1029 1126 obscurum
1046 1071 1099 1126 est.
1128 1085 1197 1127 nam
1219 1083 1233 1132 5

140 1145 219 1206 idem
236 1145 334 1206 omnia
348 1153 471 1218 vastant,
487 1164 555 1206 suas
570 1147 730 1208 deserendo
746 1147 851 1208 domos
867 1155 896 1208 11
910 1167 963 1227 per
976 1148 1112 1210 iniuriam
1127 1151 1197 1211 alie-

87 1241 119 1290 ro
138 1244 192 1291 nas
208 1229 387 1308 occupando.
402 1229 474 1290 item
488 1246 540 1302 ne,
561 1231 604 1290 uti
616 1231 719 1302 adhuc,
736 1231 837 1292 militia
852 1233 959 1294 iniusta
973 1240 1023 1294 aut
1037 1234 1196 1314 inaequalis
1219 1245 1235 1294 1

139 1314 192 1387 111,
213 1329 281 1374 cum·
302 1313 349 1374 alii
367 1313 499 1391 triginta,
519 1332 587 1392 pars
607 1315 721 1374 nullum
742 1315 921 1394 stipendium
943 1317 1059 1378 1111111.
1090 1319 1197 1381 11111-

139 1405 275 1458 mentum
295 1397 339 1469 id,
361 1398 439 1476 quod
459 1405 543 1458 antea
562 1399 728 1477 praemium
743 1399 870 1478 ignaviae
884 1400 953 1472 luit,
973 1420 1027 1480 per
1040 1403 1199 1482 municipia

140 1491 170 1544 11
185 1481 315 1542 colonias
329 1481 386 1542 illis
401 1482 469 1543 dare
485 1481 645 1555 conveniet,
663 1483 712 1560 qui
727 1483 877 1562 stipendiis
893 1485 1023 1546 emeritis
1034 1485 1139 1547 domos
1149 1505 1198 1547 re-

140 1565 291 1627 verterint.

89 1665 119 1714 11
227 1649 307 1722 Quae
333 1649 531 1728 reipublicae
555 1651 718 1710 necessaria
738 1649 849 1728 tibique
869 1651 995 1730 gloriosa
1014 1658 1096 1712 ratus
1119 1671 1195 1726 sum,
1219 1671 1233 1718 1

141 1751 231 1814 quam
245 1733 429 1813 paucissimis
445 1733 563 1811 apsolvi.
590 1751 652 1794 non
661 1735 743 1812 peius
755 1734 870 1794 11111111
880 1753 972 1813 pauca
982 1753 1061 1796 nunc
1073 1736 1108 1796 de
1120 1736 1197 1798 lacto
1219 1751 1234 1800 8

140 1837 209 1879 meo
234 1819 385 1879 disserere.
420 1817 551 1896 plerique
570 1817 710 1878 mortales
733 1819 769 1878 ad
789 1818 977 1878 iudicandum
997 1819 1067 1880 satis
1090 1821 1198 1898 ingenii
1219 1834 1234 1883 9

140 1903 250 1964 habent
265 1908 315 1961 aut
329 1900 482 1962 simulant:
499 1919 599 1962 verum
616 1902 693 1961 enim
710 1902 745 1961 ad
760 1902 1002 1980 reprehendunda
1017 1903 1109 1964 aliena
1123 1905 1199 1964 facta

142 1993 193 2047 aut
208 1985 284 2046 dicta
298 1985 380 2045 ardet
395 1985 531 2046 omnibus
547 1985 677 2058 animus,
693 1986 740 2046 vix
754 1985 824 2045 satis
839 1993 973 2064 apertum
989 2006 1022 2046 os
1037 1987 1199 2066 autlingua

87 2081 121 2132 20
141 2076 280 2151 prompta
293 2069 415 2140 videtur,
433 2087 506 2146 quae
521 2070 661 2129 meditata
674 2077 793 2149 pectore
806 2071 925 2130 evolvat.
950 2071 1054 2148 quibus
1066 2090 1114 2132 me
1126 2071 1197 2132 sub-

142 2155 252 2216 iectum
271 2153 350 2214 haud
369 2153 512 2231 paenitet,
540 2153 631 2232 magis
652 2153 804 2214 reticuisse
822 2153 942 2233 pigeret.
972 2171 1041 2216 nam
1063 2155 1122 2216 sive
1143 2157 1198 2217 hac
1221 2172 1252 2224 1o

142 2252 195 2300 seu
208 2237 330 2298 meliore
345 2236 399 2298 alia
413 2237 459 2297 via
473 2254 585 2316 perges,
602 2256 618 2298 a
633 2256 682 2298 me
698 2237 816 2317 quidem
830 2256 884 2317 pro
900 2238 975 2298 virili
988 2246 1071 2317 parte
1086 2239 1198 2300 dictum

142 2331 172 2384 et
191 2323 325 2384 adiutum
344 2321 441 2382 111111.
475 2321 618 2382 relicuum
640 2330 685 2382 est
705 2328 805 2400 optare
824 2322 867 2382 uti
883 2341 956 2400 quae
970 2323 1024 2383 tibi
1038 2324 1199 2401 placuerint

142 2427 177 2468 ea
191 2406 221 2466 di
235 2405 417 2466 immortales
431 2404 594 2484 adprobent
607 2405 739 2484 beneque
755 2406 870 2466 evenire
884 2406 989 2466 sinant.

649 2561 692 2626 II.

89 2671 121 2719 25
229 2651 296 2714 Seio
316 2669 383 2730 ego,
403 2667 493 2729 quam
513 2649 628 2712 difficile
647 2657 733 2729 atque
748 2669 884 2730 asperum
899 2651 978 2712 factu
992 2651 1030 2712 sit
1044 2651 1198 2712 consilium
1221 2656 1238 2714 1

144 2739 213 2798 darc
223 2736 284 2814 regi
294 2741 345 2796 111
355 2733 534 2812 imperatori,
546 2740 696 2813 postremo
709 2735 869 2814 quoiquam
877 2735 1002 2807 mortali,
1016 2735 1120 2813 quoius
1129 2753 1198 2814 opes

143 2823 175 2883 in
195 2820 310 2882 excelso
331 2825 415 2890 sunt,
438 2817 545 2896 quippe
565 2836 633 2878 cum
654 2818 1200 2898 11111111111111111111111111111111

143 2923 240 2984 nequo
266 2903 302 2964 de
324 2903 425 2962 tuturo
446 2902 603 2980 quisquam
623 2903 693 2963 satis
714 2902 833 2963 callidus
854 2903 982 2982 satisque
1001 2901 1129 2982 prudens
1149 2901 1197 2961 sit.

144 2989 217 3068 quin
237 2987 325 3048 etiam
341 3004 427 3065 saepe
441 3003 528 3064 prava
542 2985 634 3066 magis
649 3005 738 3065 quam
752 2986 829 3048 bona
844 2987 964 3048 consilia
977 3003 1117 3065 prospere
1132 3003 1198 3046 eve·
1221 3001 1236 3050 2

91 3089 124 3138 30
144 3073 240 3144 11111,
256 3070 323 3150 quia
336 3071 490 3150 plerasque
503 3087 550 3130 res
567 3071 686 3132 fortuna
702 3090 738 3131 11
748 3070 866 3132 libidine
877 3090 930 3132 sua
941 3071 1037 3149 agitat.
1064 3069 1116 3130 sed
1127 3068 1200 3130 mihi
1221 3086 1236 3134 1

144 3155 276 3218 studium
290 3153 348 3216 fuit
362 3153 579 3220 adulescentulo
594 3155 819 3234 rempublicam
834 3173 997 3234 capessere,
1018 3160 1112 3232 atque
1121 3153 1152 3213 in
1167 3171 1201 3214 ea

145 3239 347 3321 cognoscenda
366 3239 490 3299 multam
510 3255 705 3316 magnamque
725 3257 825 3300 curam
839 3239 942 3300 habui:
958 3255 1019 3296 uon
1033 3237 1073 3296 ita
1087 3243 1121 3296 ut
1135 3253 1200 3295 ma-

144 3327 300 3405 gistratum
315 3322 404 3382 modo
420 3340 563 3402 caperem,
581 3341 670 3402 quem
685 3323 771 3382 multi
782 3321 864 3382 malis
876 3320 986 3380 artibus
998 3319 1096 3396 adepti
1107 3325 1199 3390 erant,

146 3409 198 3471 sed
217 3409 306 3470 etiam
320 3413 431 3468 utrem
447 3405 593 3485 publicam
608 3407 690 3468 domi
705 3405 881 3484 militiaeque
896 3411 1097 3484 quantumque
1112 3402 1200 3462 armis

13 3545 14 3548 ,
94 3509 125 3558 35
146 3493 216 3555 viris
242 3491 390 3572 opulentia
408 3497 510 3569 posset
530 3489 680 3568 cognitum
699 3489 862 3551 habuerim.
896 3489 993 3566 itaque
1015 3485 1088 3546 mihi
1107 3485 1237 3546 11111114

142 3595 215 3640 cunr
234 3577 333 3638 animo
353 3575 472 3653 agitanti
493 3574 646 3635 consilium
661 3574 718 3639 fuit
732 3575 841 3634 famam
856 3569 1089 3648 modestiamque
1103 3587 1200 3630 meam

146 3667 214 3742 post
232 3667 316 3722 tuam
337 3659 506 3736 dignitatem
527 3656 646 3718 haberei
661 3664 690 3718 et
705 3657 811 3737 quoius
826 3656 869 3716 rei
883 3655 965 3714 lubet
978 3653 1141 3734 periculum
1155 3653 1199 3714 11-

216 3805 254 3856 eis
266 3804 295 3856 V
296 3823 307 3868 ,·
318 3808 454 3872 mitiquum
464 3808 651 3857 amntnctieucm
659 3806 711 3856 1111
723 3821 740 3855 1
751 3805 858 3856 rhetore
863 3805 979 3870 portium
994 3819 1050 3854 aare
1062 3804 1109 3853 111
1120 3801 1202 3852 credi·

149 3872 232 3924 derim
244 3871 254 3940 Ι
266 3872 429 3924 tomeritate
440 3881 542 3940 pectore
554 3874 657 3924 cucluat
665 3869 760 3938 ‘fuisse
773 3875 817 3936 qui
827 3871 963 3937 degendum
974 3866 1125 3920 conicerent’
1140 3867 1203 3918 dicit

151 3939 474 4007 (temnentemque
491 3942 576 3991 euolat
593 3940 623 3990 V
636 3937 646 4006 ll
673 3941 706 3989 24
740 3943 780 3990 cst
794 3939 878 3988 sinaut
889 3938 1000 3990 ducrum
1017 3935 1202 3987 versiculorum

148 4009 262 4074 epatium
276 4021 327 4057 noo
338 4010 497 4074 contemptum
508 4011 535 4057 in
548 4007 577 4058 V
586 4005 596 4074 [Ι
609 4007 640 4056 35
660 4015 783 4072 cognitam
795 4009 822 4057 in
833 4006 930 4070 aliquot
941 4004 1013 4056 editt.
1026 4003 1117 4069 fertur
