2846 4682
208 353 246 414 12
575 351 603 404 G.
615 351 775 416 SALLUNSTI
793 351 895 408 CRISPl

86 573 89 580 ,
143 505 303 571 1911111111
329 506 456 568 diremit.
490 513 594 588 postea
614 507 682 570 Piso
701 508 732 569 in
751 508 917 573 citeriorem
936 508 1106 588 Hispaniam
1129 516 1267 590 quaestor
1293 542 1307 578 0
1417 551 1418 592 ,

203 611 257 672 pro
281 599 414 672 praetore
434 591 543 655 missus
560 599 606 654 est
626 593 774 654 adnitente
790 593 911 668 Crasso,
933 593 1012 673 quod
1034 613 1104 656 eum
1123 594 1265 656 infestum
1417 595 1418 614 ¹

51 749 53 755 A
92 697 116 745 ῃ
147 688 182 738 ’2
203 677 357 740 inimicum
380 677 431 738 Cn.
451 677 592 758 Pompeio
612 687 795 760 cognoverat.
825 697 921 760 neque
940 687 1041 742 tamen
1057 687 1176 743 senatus
1192 699 1264 760 pro-

115 826 117 828 ,
202 761 329 824 vinciam
349 762 456 826 invitus
476 763 607 836 dederat,
628 765 737 846 quippe
755 765 876 826 foedum
895 765 1048 841 hominem
1067 783 1083 825 a
1102 762 1264 848 republica

203 849 306 927 procul
325 866 388 908 esse
403 847 531 922 volebat3
550 849 640 910 simul
654 850 722 928 quia
735 849 807 910 boui
821 851 976 932 conplures
990 848 1167 928 praesidium
1181 849 1214 933 11
1227 869 1264 912 11
1285 863 1301 912 5

168 943 183 994 3
203 933 345 1011 putabant
365 933 472 996 etiem
488 941 554 994 tum
570 934 700 1014 potentia
720 935 841 1015 Pompei
859 935 1051 1004 formidulosa
1070 941 1141 996 erat.
1167 933 1264 996 sedis

118 1043 120 1052 ,
203 1017 271 1080 Piso
290 1017 322 1078 in
342 1019 491 1098 provincia
505 1019 541 1080 ab
556 1019 702 1098 equitibus
716 1018 866 1100 Hispanis,
887 1039 961 1101 quos
975 1019 1007 1080 in
1021 1021 1150 1082 exercitu
1160 1019 1263 1100 ducta-

132 1099 133 1106 ’
167 1113 184 1162 4
204 1104 268 1178 bat,
288 1103 470 1166 iterfaciens
490 1103 603 1165 occisus
623 1111 675 1165 est.
706 1112 777 1168 sunt
798 1104 906 1184 quiite
927 1105 1038 1179 dicant,
1059 1105 1181 1185 imperia
1199 1105 1263 1166 eius

157 1201 183 1256 xt
203 1189 313 1250 iniusta
337 1187 464 1267 superba
493 1188 620 1252 crudelia
646 1189 786 1251 barbaros
813 1190 979 1270 nequivisse
999 1191 1078 1270 pati,
1098 1191 1145 1252 alii
1164 1197 1263 1252 autem

205 1265 318 1353 equites
337 1273 403 1334 illos
423 1273 475 1334 Gn.
495 1273 618 1354 Pompei
638 1281 750 1336 veteres
764 1275 896 1354 fidosque
912 1276 1023 1338 clientis
1039 1277 1187 1338 voluntate
1202 1275 1264 1337 eius
1287 1287 1319 1337 ld

205 1360 343 1420 Pisonem
366 1358 533 1436 adgressos3
554 1355 719 1438 numquam
737 1360 883 1440 Hispanos
904 1367 1055 1442 praeterea
1075 1362 1132 1422 tale
1151 1361 1264 1422 lacinus

205 1443 323 1515 fecisse,
345 1443 396 1504 sed
417 1443 539 1523 imperia
557 1463 641 1506 saeva
660 1445 759 1506 multa·
773 1452 842 1506 ante
855 1465 1019 1525 perpessos.
1049 1464 1105 1508 nos
1120 1465 1185 1530 eam
1199 1464 1263 1506 rem

169 1543 185 1592 e
205 1530 237 1590 in
252 1527 349 1590 medio
364 1527 573 1607 relinquemus.
603 1529 639 1590 de
653 1530 803 1610 superiore
818 1531 1020 1592 couiruatione
1034 1531 1104 1592 satis
1120 1531 1240 1592 dictum.

144 1620 186 1681 20
293 1613 414 1677 Catilina
433 1613 485 1676 ubi
510 1633 577 1686 eos,
605 1633 681 1696 quos
701 1615 788 1698 paulo
809 1623 877 1676 ante
892 1618 1067 1688 memoravi,
1092 1617 1264 1678 convenisse

205 1699 301 1772 videt,
321 1699 440 1760 tametsi
459 1719 527 1760 cum
546 1699 667 1779 singulis
687 1701 780 1762 multa
798 1719 884 1781 saepe
905 1710 1015 1782 egerat,
1035 1709 1136 1763 tamen
1154 1701 1185 1762 in
1199 1720 1263 1762 rem
1287 1711 1318 1761 15

206 1785 269 1846 lore
284 1784 405 1846 credens
414 1785 574 1846 “univorsos
590 1785 733 1866 appellare
749 1793 778 1846 et
792 1787 948 1860 cohortari,
964 1787 995 1848 in
1010 1785 1138 1848 abditam
1149 1793 1263 1866 partem

207 1871 322 1932 aedium
343 1871 464 1931 secessit
485 1877 573 1950 atque
594 1871 634 1932 ibi
659 1871 796 1932 omnibus
817 1871 932 1934 arbitris
953 1873 1055 1954 procul
1070 1873 1177 1934 amotis
1197 1890 1263 1937 ora-

208 1955 319 2016 tionem
334 1955 539 2024 huiuscemodi
554 1955 664 2017 habuit.

105 2102 110 2122 ,
171 2054 187 2104 2
293 2039 344 2099 ‘Ni
359 2039 450 2100 virtus
465 2041 595 2119 fidesque
610 2049 708 2102 vostra
721 2048 852 2121 spectata
864 2041 939 2102 mihi
953 2041 1063 2114 forent,
1084 2041 1263 2122 nequiquam

209 2131 374 2204 opportuna
387 2143 434 2184 res
447 2107 611 2199 cecidisset,
626 2145 693 2205 spes
707 2145 821 2206 magna,
838 2127 997 2188 dominatio
1009 2127 1041 2188 iu
1052 2127 1187 2188 manibus
1198 2127 1261 2188 fru·
1286 2139 1320 2192 20

173 2225 187 2274 3
208 2217 268 2270 stra
286 2209 425 2281 luissent,
449 2227 545 2288 neque
564 2228 616 2290 ego
638 2230 691 2290 per
710 2206 853 2289 ignaviam
873 2219 924 2274 aut
938 2229 1010 2274 vana
1025 2212 1142 2292 ingenia
1156 2211 1267 2274 incerta

208 2313 262 2374 pro
288 2294 374 2357 certis
400 2302 555 2373 captarem.
590 2296 642 2356 sed
668 2296 735 2375 quia
760 2297 861 2358 multis
888 2305 918 2358 et
943 2297 1056 2376 maguis
1080 2297 1266 2378 tempestati-

209 2381 264 2442 bus
295 2398 346 2443 vos
371 2379 495 2458 cognovi
520 2379 605 2440 fortis
631 2379 764 2460 fidosque
788 2381 876 2453 mihi,
905 2401 939 2442 eo
965 2383 1080 2444 animus
1105 2401 1193 2446 ausus
1221 2389 1277 2443 est*

209 2482 383 2526 maxumum
398 2471 484 2542 atque
499 2463 742 2543 pulcherrumum
752 2467 866 2528 facinus
879 2467 1019 2548 incipere,
1035 2467 1123 2528 simul
1135 2467 1202 2547 quia
1212 2487 1265 2528 vo-

172 2568 188 2617 t
208 2549 253 2610 bis
269 2548 371 2610 eadem
385 2568 461 2628 quae
472 2549 545 2610 mihi
556 2551 633 2612 bona
644 2553 778 2632 malaque
791 2571 855 2612 esse
865 2552 1010 2614 intellexi:
1022 2570 1092 2614 nam
1103 2553 1182 2614 idem
1193 2552 1265 2614 velle
1286 2562 1320 2613 25

173 2653 187 2700 5
210 2642 296 2714 atque
317 2634 396 2697 idern
416 2633 506 2708 uolle,
528 2655 562 2696 ea
582 2635 703 2698 demum
723 2638 808 2706 firma
827 2637 953 2700 amicitia
973 2646 1026 2699 est.
1056 2639 1108 2700 sed
1123 2658 1176 2720 ego
1191 2657 1265 2718 quae

174 2733 190 2784 6
211 2727 310 2781 mente
330 2719 433 2800 agitavi
453 2737 557 2782 omnes
576 2721 635 2782 iam
656 2729 741 2784 antea
762 2723 872 2785 divorsi
886 2724 1018 2789 audistis.
1049 2734 1180 2785 ceterum
1195 2723 1269 2784 mihi

209 2805 316 2866 indies
331 2806 422 2884 magis
438 2805 554 2868 animus
569 2808 752 2878 accenditur,
775 2827 842 2870 cum
859 2809 1028 2882 considero,
1044 2828 1119 2888 quae
1134 2807 1266 2890 condicio

175 2901 187 2949 t
210 2891 285 2952 vitae
300 2890 400 2954 lutura
414 2889 460 2962 sit,
477 2891 535 2952 nisi
549 2893 737 2972 nosmetipsi
751 2893 932 2954 vindicamus
947 2894 978 2953 in
992 2893 1167 2953 libertatem.
1196 2909 1267 2950 nem

107 2973 109 2976 ’
210 2983 367 3054 postquam
382 2993 429 3036 res
443 2975 560 3054 publica
573 2977 604 3036 in
614 2995 776 3056 paucorum
787 2979 954 3056 potentium
965 2977 1010 3037 ius
1022 2984 1109 3054 atque
1121 2974 1267 3036 dicionem
1287 2987 1321 3040 30

212 3059 370 3132 concessit,
391 3079 509 3139 semper
528 3060 582 3121 illis
603 3080 686 3142 reges
705 3063 870 3123 tetrarchae
891 3061 1043 3140 vectigales
1064 3079 1141 3132 esse,
1163 3060 1266 3140 populi

212 3144 343 3206 nationes
367 3145 512 3224 stipendia
530 3147 673 3226 pendere3
697 3147 787 3208 ceteri
802 3165 920 3218 omnes,
940 3145 1053 3208 strenui
1068 3145 1139 3206 boni
1153 3143 1266 3206 nobiles

211 3299 412 3308 *nom-00·—

268 3356 431 3432 ’41111111
444 3380 468 3448 (p
481 3381 562 3444 1111.)
575 3382 606 3444 P,
621 3397 668 3517 pro
682 3399 703 3433 s.
715 3399 765 3462 cp
783 3380 793 3448 ΙΙ
810 3385 824 3432 5
837 3383 863 3432 iu
877 3391 906 3432 eo
919 3381 1039 3448 putabant
1051 3396 1100 3432 om.
1114 3381 1148 3446 P,
1166 3399 1187 3432 s.
1200 3399 1221 3432 s.
1232 3379 1271 3448 pl

213 3450 229 3500 6
242 3449 287 3500 sed
298 3469 337 3498 ei*
349 3450 403 3514 piso
419 3449 600 3512 (11111111.)Ρ
616 3446 620 3517 l
643 3451 656 3499 7
670 3449 802 3516 prouincia
817 3449 846 3513 O,
864 3449 1018 3516 prouinciam
1030 3450 1075 3502 PC
1089 3447 1099 3518 11
1116 3449 1268 3516 1111111111

214 3519 250 3580 (te
262 3519 340 3582 erce.)
353 3519 377 3568 P
388 3514 397 3585 ll
411 3533 472 3584 quos
485 3517 574 3582 iuPC,
593 3534 655 3584 quos
672 3519 749 3568 sines
763 3517 773 3584 ΙΙ
788 3519 1016 3581 811111(11111.)
1031 3519 1054 3568 P
1069 3516 1078 3585 l
1096 3519 1111 3569 9
1124 3519 1209 3570 dicant
1217 3517 1268 3582 PC,

212 3586 298 3636 dicunt
313 3586 334 3636 C
349 3583 358 3653 ll
379 3587 408 3636 17
422 3586 517 3636 secedit
534 3585 584 3648 PC,
606 3587 711 3637 secessit
729 3585 773 3654 Cli
794 3587 824 3637 ¹9
835 3593 955 3652 ⁴spectuta
970 3586 1030 3636 milii
1048 3584 1132 3638 forent
1146 3587 1176 3650 C,
1193 3601 1270 3652 expe-

214 3661 282 3704 ctate
298 3651 382 3704 lorent
400 3653 456 3717 (scd
470 3653 530 3702 milri
541 3657 652 3708 11111111
668 3671 761 3706 marrus
776 3659 870 3722 ptimo,
891 3655 997 3720 probatu
1008 3683 1019 3692 ·
1031 3653 1099 3706 foret
1115 3672 1136 3705 s.
1152 3672 1174 3705 s.
1188 3657 1225 3722 p.)
1238 3655 1268 3718 P,

149 3714 151 3724 '
215 3728 327 3785 spectata
349 3721 410 3770 milti
430 3719 497 3772 soret
515 3721 544 3772 V
564 3720 574 3790 ΙΙ
598 3724 754 3774 tuentem
775 3723 874 3774 iulirma
891 3725 921 3788 P,
942 3737 1010 3773 corr.
1029 3739 1047 3792 p
1070 3721 1080 3790 ΙΙ
1104 3738 1167 3789 quse
1187 3729 1269 3774 mente

216 3810 368 3876 [frequenter
379 3817 461 3860 mente
473 3811 583 3874 1111111]
596 3809 691 3874 agitaui
704 3809 779 3873 (haec
791 3795 913 3872 glose'est
924 3825 945 3858 1.
957 3824 979 3857 s.
990 3810 1017 3876 p)
1027 3809 1051 3858 P
1062 3805 1116 3874 ll²⁸
1129 3807 1270 3871 1111111111-

213 3897 300 3963 gisque
318 3897 346 3948 V
356 3897 365 3962 ΙΙ
380 3895 411 3944 29
428 3895 476 3962 ipsi
494 3895 522 3946 V
519 3911 555 3962 ,p
571 3899 598 3946 io
613 3910 712 3960 croug„
727 3893 796 3958 ipsos
813 3889 879 3958 PCl
892 3891 923 3942 32
938 3893 1035 3944 strenui
1052 3891 1110 3942 boni
1122 3893 1218 3942 nobiles
1231 3901 1270 3943 at-

214 3981 261 4032 que
278 3966 318 4028 tet
331 3980 350 4031 p
362 3967 389 4014 tn
401 3964 497 4030 marg.)
510 3963 634 4026 ignobiles
647 3961 697 4026 PC,
710 3961 808 4016 strenui
824 3961 1010 4026 nobilesatque
1023 3960 1144 4023 ignobiles
1156 3960 1196 4010 cel
1211 3961 1271 4010 boni

214 4041 288 4100 etque
305 4032 402 4084 nobiles
419 4031 543 4096 ignobiles
562 4030 587 4094 C,
604 4031 665 4110 boni
681 4037 756 4096 atque
772 4029 871 4080 strenui
883 4029 981 4080 nobiles
994 4035 1019 4078 et
1031 4027 1152 4110 ignobiles
1166 4027 1199 4091 V,
1211 4029 1271 4078 boni

214 4101 322 4170 malique
334 4101 432 4153 nobiles
441 4107 516 4168 atque
527 4099 650 4165 ignobiles
659 4101 809 4168 scripserim
818 4115 853 4150 11
862 4100 992 4150 atnitatore
1002 4095 1031 4150 V
1028 4099 1109 4148 cetere
1120 4095 1190 4147 Caco.
1202 4095 1271 4164 2119
