2846 4682
240 353 281 415 32
568 324 570 332 ’
610 353 639 404 c.
659 351 797 405 2222222
814 353 925 405 222222

184 515 218 566 22
239 509 299 569 mia
325 507 446 569 ambitio
472 507 608 588 possidet.
645 525 741 586 neque
764 509 883 570 2212222.
913 509 964 570 ubi
988 529 1039 576 vos
1064 511 1223 590 separatim
1239 511 1295 572 sibi

145 648 148 666 ,
240 593 362 672 quisque
382 593 536 654 consilium
552 593 667 674 capitis,
689 593 740 654 ubi
763 594 843 655 domi
862 595 1073 674 voluptatibus,
1092 595 1145 656 hic
1154 596 1294 675 pecuniae

239 686 290 740 aut
305 679 412 756 gratiae
426 679 554 751 servitis,
576 699 612 740 eo
633 680 666 740 fit
681 687 715 740 ut
729 679 858 758 impetus
873 681 922 741 liat
937 681 968 740 in
982 699 1103 741 vacuam
1118 684 1181 742 cern
1197 681 1295 761 publi-

186 771 220 822 22
240 783 314 826 cam.
349 763 401 824 sed
420 783 473 844 ego
493 764 565 825 haec
580 765 699 825 omitto.
736 765 922 826 coniuravere
941 765 1130 826 nobilissumi.
1144 767 1219 827 cives
1239 785 1293 846 pa-

238 849 325 910 triam
337 849 500 922 incendere,
510 849 660 914 Gallorum
671 858 789 928 gentem
799 850 1028 911 infestissumam
1038 851 1151 912 nomini
1158 853 1293 920 Romano
1318 869 1334 916 5

239 935 274 995 ad
290 934 399 994 bellum
413 941 573 996 arcessunt.
595 935 654 995 dux
668 935 800 996 hostium
815 953 883 996 eum
895 935 1023 996 exercitu
1034 955 1122 1021 supra
1139 945 1227 1016 eaput
1238 945 1292 998 est.

185 1028 218 1078 25
238 1039 290 1079 ros
310 1019 489 1080 cunctamini
509 1019 693 1081 etiamnunc
715 1028 745 1081 et
765 1020 916 1092 dubitatis,
934 1021 1003 1098 quid
1018 1021 1226 1082 intramnenia
1241 1021 1295 1082 de-

125 1107 126 1112 ’
184 1111 218 1162 26
238 1105 351 1184 prensis
372 1104 505 1166 hostibus
519 1103 651 1166 faciatis?
673 1105 871 1166 misereamini
886 1124 1000 1178 censeo,
1020 1140 1062 1164 .-
1077 1107 1223 1186 deliquere
1238 1108 1294 1167 he-

238 1189 332 1250 mines
346 1189 556 1250 adulescentuli
571 1207 624 1268 per
638 1191 829 1251 ambitionem
845 1225 886 1235 --
901 1198 988 1269 atque
1003 1191 1091 1252 etiam
1105 1199 1234 1252 armatos
1246 1191 1293 1252 di-

186 1283 218 1332 27
240 1274 377 1346 mittatis,
399 1293 437 1336 ne
457 1275 512 1335 1222
527 1275 608 1336 vobis
623 1276 818 1336 mansuetudo
839 1289 867 1336 et
882 1275 1095 1348 misericordia,
1116 1277 1142 1337 si
1156 1277 1197 1337 illi
1211 1297 1293 1360 arma
1320 1289 1354 1339 12

186 1365 219 1416 28
239 1361 377 1439 ceperint,
394 1359 425 1420 in
439 1360 588 1420 miseriam
604 1368 765 1421 convortat.
796 1360 906 1422 scilicet
919 1379 966 1422 res
980 1361 1043 1440 ipsa
1057 1380 1160 1440 aspera
1171 1369 1224 1436 est,
1240 1363 1292 1423 sed

239 1464 289 1505 vos
305 1462 365 1505 non
380 1445 490 1506 timetis
505 1465 579 1506 earn.
610 1447 702 1506 immo
718 1465 786 1506 uero
801 1465 948 1507 maxume.
970 1447 1021 1507 sed
1036 1446 1139 1508 inertia
1154 1455 1183 1521 et
1195 1447 1293 1508 molli-

227 1530 278 1591 tia
293 1529 383 1590 animi
398 1529 469 1591 alins
486 1529 575 1590 alium
586 1539 771 1610 expectantes
783 1531 969 1603 cunctamini,
982 1531 1113 1592 videlicet
1123 1532 1167 1592 dis
1179 1533 1292 1594 inmor-

238 1615 343 1676 talibds
364 1615 481 1688 2221121,
504 1616 554 1694 qni
573 1615 649 1676 hanc
666 1635 730 1678 rem
744 1616 889 1695 publicam
907 1634 993 1696 saepe
1007 1617 1038 1676 in
1053 1618 1200 1678 maxumis
1213 1619 1293 1696 peri-

185 1710 218 1762 29
240 1700 311 1762 culis
331 1719 490 1761 servavere.
521 1719 581 1761 non
602 1701 677 1761 votis
696 1719 792 1780 neque
812 1701 962 1780 suppliciis
982 1701 1172 1763 muliebribus
1188 1703 1291 1762 auxilia
1319 1715 1350 1763 15

239 1785 363 1846 deorum
384 1793 538 1864 parantur:
560 1785 702 1866 vigilando
722 1786 838 1865 agundo
859 1786 933 1847 bene
952 1787 1133 1848 consulundo
1153 1805 1293 1867 prospera

239 1871 339 1932 222212
353 1871 468 1932 cedunt.
489 1871 540 1931 ubi
554 1871 703 1932 socordiae
718 1880 748 1932 te
762 1879 849 1950 atque
864 1873 993 1951 ignaviae
1007 1872 1170 1945 tradideris,
1186 1873 1299 1951 nequi--

185 1968 218 2020 30
239 1975 328 2036 quam
344 1957 413 2016 deos
428 1955 569 2034 inplores:
585 1956 651 2018 irati
666 1956 822 2036 infestique
836 1965 915 2018 sunt.
943 1959 1020 2036 apud
1035 1958 1160 2018 maiores
1175 1966 1292 2018 nostros

239 2043 272 2100 Α.
287 2041 411 2102 Manlius
425 2041 591 2120 Torquatus
611 2041 687 2102 bello
703 2042 811 2104 Gallico
821 2032 917 2102 ’1111222
933 2061 1036 2114 suum,
1058 2043 1135 2120 quod
1151 2043 1175 2104 is
1188 2050 1291 2104 contra

186 2137 217 2188 31
239 2126 397 2206 imperium
411 2126 441 2186 in
455 2125 573 2186 hostem
587 2135 779 2206 pugnaverat,
800 2128 898 2187 necari
912 2125 1022 2197 iusssit,
1044 2136 1132 2207 atque
1146 2128 1193 2188 ille
1207 2145 1290 2206 egre·
1316 2139 1350 2189 22

238 2212 302 2290 gius
327 2211 496 2272 adulescens
523 2211 723 2273 inmoderatae
747 2211 927 2272 fortitudinis
951 2221 1047 2273 morte
1070 2232 1181 2292 poenas
1202 2213 1291 2290 dedit.

186 2303 218 2353 ³2
240 2315 292 2356 vos
313 2297 348 2356 de
364 2296 582 2356 crudelissumis
596 2297 747 2375 parricidis
763 2297 832 2375 quid
846 2298 981 2358 statuatis
997 2293 1198 2358 cunctamini?
1212 2299 1292 2358 vide-

186 2390 218 2440 23
239 2379 305 2442 11222
321 2389 417 2442 222222
432 2381 489 2441 vita
504 2399 608 2443 eorum
624 2381 692 2442 hnic
707 2381 807 2442 sceleri
823 2382 928 2443 obstat.
958 2401 1060 2443 verum
1075 2383 1184 2463 parcite
1199 2384 1293 2462 digni·

238 2467 292 2526 tati
306 2465 436 2536 Lentuli,
454 2467 478 2525 si
493 2466 555 2546 ipse
570 2466 738 2545 pudicitiae,
756 2467 780 2527 si
794 2466 889 2528 lamae
904 2485 982 2541 suae,
1001 2467 1026 2528 si
1041 2468 1085 2528 dis
1100 2477 1152 2540 ant
1164 2469 1293 2528 homini-

238 2551 293 2612 b'us
308 2567 456 2631 umquam
466 2551 532 2612 ullis
546 2551 684 2632 pepercit.
709 2553 850 2631 ignoscite
865 2552 984 2633 Cethegi
999 2553 1218 2625 adulescentiae,
1237 2553 1293 2614 nisi
1318 2565 1350 2615 25

189 2642 221 2692 34
241 2631 349 2697 iterum
364 2637 476 2717 patriae
490 2637 599 2697 bellum
614 2637 691 2698 lecit.
721 2655 789 2698 narn
810 2639 880 2718 quid
902 2657 957 2717 ego
979 2639 1015 2698 de
1037 2639 1158 2700 Gabinio
1179 2639 1293 2700 Statilio

239 2723 375 2802 Caepario
391 2719 517 2800 loquar?
531 2723 635 2802 quibus
650 2723 675 2784 si
690 2723 846 2804 quicquam
861 2742 1003 2804 nmquam
1015 2725 1221 2803 pensiiuisset,
1234 2741 1294 2783 non

186 2817 220 2868 ‘35
240 2827 274 2868 22
299 2808 419 2868 consilia
445 2809 482 2868 de
501 2827 533 2869 re
554 2809 668 2886 publica
692 2808 872 2870 habuissent.
906 2817 1067 2889 postremo,
1087 2816 1184 2888 patres
1206 2826 1293 2868 cons-

239 2893 337 2972 cripti,
359 2893 384 2954 si
398 2893 565 2954 mehercule
582 2900 699 2972 peccato
714 2893 795 2954 locus
816 2901 908 2966 esset,
929 2893 1012 2953 facile
1026 2901 1142 2971 paterer
1159 2911 1210 2950 vos
1231 2892 1293 2970 ipsa

236 2997 269 3038 re
284 2977 398 3056 corrigi,
414 2977 552 3053 quoniam
567 2977 654 3037 verba
669 2978 864 3038 contemnitis.
894 2977 946 3036 sed
961 2977 1090 3054 undique
1105 2975 1295 3036 circumventi
1318 2989 1352 3042 32

239 3081 350 3122 sumus.
382 3061 503 3122 Catilina
523 3079 590 3121 cum
611 3062 739 3122 exercitu
759 3061 892 3122 faucibus
907 3069 1004 3140 urget,
1025 3061 1072 3121 alii
1087 3061 1162 3122 intra
1177 3061 1294 3120 moenia

196 3140 199 3152 '
240 3155 327 3224 atque
353 3145 383 3206 in
408 3146 474 3207 sinu
498 3145 579 3206 urbis
604 3154 674 3206 sunt
698 3147 813 3219 hostes,
835 3164 931 3225 neque
950 3145 1046 3225 parari
1066 3163 1161 3224 neque
1182 3145 1294 3206 consuli

188 3241 220 3291 36
241 3232 398 3314 quicquain
416 3237 516 3311 potest
535 3232 663 3292 occulte:
687 3251 744 3310 quo
765 3231 857 3310 magis
869 3231 1095 3310 'properandum
1116 3239 1169 3292 est.
1205 3249 1294 3310 quare

307 3399 322 3448 3
335 3401 456 3450 seruatis
469 3402 499 3463 P,
511 3401 615 3450 seruttir
628 3401 648 3463 12
678 3403 710 3451 ri.
722 3403 748 3450 iu
761 3403 825 3462 raa.)
839 3399 866 3449 V
877 3397 887 3467 11
900 3399 915 3448 6
928 3407 1059 3451 arcessunt
1070 3399 1121 3461 PC,
1133 3407 1294 3466 accersuntp

239 3472 266 3518 12
277 3485 371 3534 marga,
384 3469 412 3520 V
422 3466 431 3536 1
446 3471 458 3517 1
473 3469 606 3518 etiamnum
620 3467 649 3520 V
680 3469 810 3534 deprensis
823 3468 874 3519 PV
874 3467 900 3530 C,
913 3468 1073 3534 deprehensis
1085 3468 1125 3517 vel
1135 3469 1295 3534 adprehensis

241 3533 281 3604 011
295 3539 309 3586 8
322 3537 488 3588 misereamini
500 3537 550 3598 PC,
563 3537 714 3588 miseremini
726 3536 775 3588 VC
784 3534 794 3604 11
810 3538 837 3586 11
853 3543 985 3586 222222222
996 3536 1049 3587 PV
1048 3536 1074 3598 C,
1086 3543 1250 3586 concertatur
1261 3534 1282 3584 C
1288 3534 1297 3601 11

243 3604 272 3652 13
291 3604 475 3656 immortalibus
488 3622 523 3655 22·
535 3605 676 3656 1222222112
689 3607 712 3657 P
723 3604 733 3673 11
747 3607 778 3656 15
796 3620 874 3671 neque
887 3604 942 3668 VC,
959 3612 1033 3670 atquo
1047 3603 1296 3670 0,22212222222122

240 3673 264 3722 P
275 3669 285 3738 11
300 3672 330 3720 lb
347 3687 469 3739 prospera
480 3674 562 3724 2222212
573 3674 624 3738 PC,
641 3689 762 3741 prospere
774 3675 856 3724 222212
869 3673 923 3736 VC,
938 3665 1021 3724 2222212
1032 3688 1152 3739 prospera
1164 3673 1204 3722 221
1215 3672 1295 3722 omnia

170 3760 172 3769 ⁴
239 3769 359 3820 prospere
370 3773 406 3806 ece
419 3757 440 3806 C
448 3758 591 3810 deteriores
603 3757 613 3827 11
629 3761 658 3810 19
671 3760 743 3809 22122
757 3761 802 3817 (sic
815 3760 844 3821 P,
857 3739 887 3808 h
902 3758 937 3822 Vl
950 3758 1003 3809 PV
1003 3757 1028 3820 C,
1041 3765 1059 3808 t.
1073 3757 1112 3808 221
1122 3773 1145 3821 g.
1158 3774 1172 3806 z
1185 3753 1194 3822 1
1208 3755 1239 3804 23
1252 3771 1295 3806 uc·

240 3837 295 3873 rum
309 3823 339 3886 C,
356 3839 417 3874 uero
430 3826 481 3875 PV
481 3825 503 3874 C
513 3823 522 3906 11
536 3827 568 3876 'll
585 3834 628 3876 aut
640 3825 694 3889 PC,
710 3835 784 3894 atque
797 3843 816 3894 p
832 3831 859 3877 in
874 3842 969 3892 marg,
983 3825 1032 3878 VC
1042 3823 1051 3894 11
1064 3825 1096 3874 26
1113 3824 1204 3876 iterum
1216 3823 1294 3880 PVC,

240 3890 331 3942 iterum
344 3893 392 3942 iam
406 3890 554 3959 6122222112
568 3895 667 3958 gabinio
684 3893 712 3945 V
722 3892 732 3962 11
746 3895 778 3944 29
790 3895 945 3944 mehercules
959 3889 1166 3959 1222221Ρ131
1183 3891 1295 3943 lancibus

240 3959 289 4022 1221
303 3962 329 4011 12
342 3959 464 4016 saucibus]
473 3961 563 4012 italiae
575 3969 650 4022 urget
660 3979 683 4025 a,
696 3963 721 4012 in
734 3959 846 4012 lancibus
857 3961 976 4012 Etruriae
988 3963 1041 4028 agit
1051 3961 1179 4011 Lindemr
1190 3959 1296 4010 Emend.

239 4026 301 4079 Satt.
312 4047 338 4097 p.
350 4026 406 4148 11111
418 4029 450 4079 32
463 4029 489 4080 in
499 4029 558 4078 sinn
570 4030 640 4079 urbis
653 4029 703 4090 PC,
714 4029 785 4095 urbis
797 4045 846 4080 om.
858 4029 896 4079 V:
908 4031 934 4079 12
946 4037 1036 4080 senatu
1045 4029 1171 4079 liuderus
1179 4027 1194 4077 1.
1205 4044 1226 4077 2.
1239 4027 1250 4094 1
1264 4028 1295 4076 33

240 4104 323 4160 potest
335 4113 379 4148 occ
409 4105 434 4148 22
446 4099 496 4159 PC,
510 4099 608 4148 occulte
620 4105 704 4164 potest
717 4096 766 4148 VC
