2854 4678
193 313 235 386 86
563 313 763 366 osmensri
781 313 883 366 cnisrr

194 475 280 547 bant,
308 473 356 533 alii
376 474 488 533 bonum
509 471 661 548 ingenium
680 468 858 530 contumelia
877 486 1034 530 accensum
1055 487 1136 540 esse,
1157 467 1253 538 multi,

195 560 275 638 qnod
297 558 355 618 iarn
376 563 458 636 parta
477 555 598 615 victoria
613 573 649 614 ex
663 553 799 614 manibus
814 553 987 632 eriperetur.
1016 553 1101 613 nobis
1115 553 1187 612 satis
1202 572 1254 612 eo-

194 644 309 722 gnitum
330 649 375 701 est
394 641 477 702 illum
492 639 583 716 magis
598 637 710 698 honore
725 637 796 697 llari
812 656 901 715 quam
915 637 1021 698 iniuria
1035 655 1088 697 sua
1101 637 1262 698 excrucia--

194 737 260 787 tum
279 745 375 805 neque
394 733 456 784 tam
477 723 561 783 anxie
580 723 709 784 laturum
727 721 832 794 fuisse,
853 723 878 782 si
892 722 1028 800 adempta
1043 722 1191 801 provincia
1205 721 1256 782 alii

131 812 173 872 83
196 830 285 888 quam
298 809 389 870 Mario
410 809 583 869 traderetur.
610 807 698 885 igitur
717 825 753 866 eo
768 805 868 866 dolore
888 807 1036 885 inpeditus
1050 813 1081 866 et
1096 807 1163 887 quia
1178 805 1253 866 stul·
1279 823 1303 870 5

193 896 274 956 titiae
306 893 459 954 videbatur
486 893 611 952 alienam
630 909 694 950 rem
717 891 846 970 periculo
866 909 921 952 suo
944 909 1063 962 curare,
1084 891 1204 968 legatos·
1217 890 1253 950 ad

193 981 343 1040 Bocchum
358 977 449 1038 mittit
464 973 653 1055 postulatum,
669 993 706 1036 ne
721 975 785 1034 sine
797 992 882 1035 causa
893 975 987 1036 hostis
998 975 1107 1054 populo
1119 975 1253 1035 Romano

194 1066 292 1124 lieret:
308 1063 416 1122 habere
435 1069 501 1122 tum
515 1077 652 1138 magnam
667 1060 782 1138 copiam
797 1059 945 1120 societatis
966 1059 1169 1137 amicitiaeque
1180 1076 1254 1119 con-

194 1149 372 1226 iungendae,
396 1163 469 1224 quae
491 1145 590 1223 potior
612 1145 689 1205 bello
707 1151 800 1215 esset,
822 1151 852 1204 et
872 1162 1050 1222 quamquam
1067 1143 1172 1222 opibus
1192 1145 1253 1204 suis

195 1232 367 1302 confideret,
391 1238 491 1290 tamen
511 1245 573 1289 non
596 1229 702 1289 debere
717 1229 828 1288 incerta
842 1247 896 1306 pro
911 1229 1000 1288 certis
1017 1235 1148 1288 mutare:
1165 1245 1254 1288 omne
1279 1241 1316 1292 10

194 1317 304 1377 bellum
318 1315 395 1375 sumi
410 1314 502 1384 facile,
518 1321 648 1374 ceterum
665 1331 834 1391 aegerrume
845 1312 993 1385 desinere3
1005 1313 1108 1372 nonin
1119 1313 1254 1372 eiusdem

194 1407 339 1478 potestate
354 1399 469 1459 initium
485 1398 547 1458 eius
562 1405 592 1458 et
604 1397 694 1456 linem
710 1415 787 1469 esse3
799 1397 927 1476 incipere
938 1397 1037 1468 cuivis,
1050 1397 1140 1457 etiarn
1150 1396 1254 1475 ignavo

195 1485 294 1556 licere,
315 1482 435 1561 deponi,
457 1501 525 1542 cum
543 1482 668 1542 victores
688 1481 792 1553 velint;
817 1481 940 1559 proinde
960 1481 1015 1540 sibi
1034 1498 1184 1560 regnoque
1199 1499 1254 1541 suo

196 1569 371 1638 consuleret,
388 1585 447 1626 neu
462 1566 593 1626 florentis
608 1584 656 1626 res
671 1584 739 1626 suas
754 1583 822 1626 oum
837 1565 993 1644 Iugurthae
1007 1565 1129 1644 perditis
1144 1565 1254 1626 misoc-

158 1662 174 1710 2
195 1659 250 1712 ret.
280 1653 317 1712 ad
335 1671 369 1712 ea
389 1669 440 1711 rex
458 1651 529 1710 satis
543 1650 655 1728 placide
670 1650 757 1710 verba
770 1649 854 1710 facit:
871 1668 934 1710 sese
950 1669 1052 1728 pacem
1068 1668 1184 1728 cupere,
1201 1651 1254 1710 sed
1280 1662 1314 1712 15

195 1737 352 1815 Iugurthae
365 1737 552 1796 fortunarum
567 1734 712 1808 misereri3
729 1734 753 1793 si
769 1734 872 1794 eadem
887 1733 927 1792 illi
940 1735 1025 1812 copia
1039 1735 1137 1807 fieret,
1154 1735 1255 1794 omnia

159 1830 174 1878 3
197 1829 384 1880 conventura.
419 1837 523 1879 rursus
546 1819 708 1897 imperator
731 1823 832 1878 contra
851 1817 997 1896 postulata
1011 1819 1118 1880 Roccbi
1134 1819 1254 1880 nuntios

195 1905 303 1977 mittit3
327 1905 374 1964 ille
398 1904 522 1982 probare
550 1904 672 1982 partim,
698 1903 754 1962 alia
774 1903 910 1962 abnuere.
945 1922 981 1963 eo
1002 1903 1092 1964 modo
1112 1923 1198 1983 saepe
1216 1905 1253 1964 ab

194 1996 322 2068 utroque
342 1988 440 2048 missis
459 1987 649 2066 remissisque
664 1987 775 2046 nuntiis
790 1995 908 2065 tempus
923 1988 1081 2066 procedere
1096 1995 1125 2048 et
1140 2008 1176 2048 ex
1190 1987 1252 2048 Me-

194 2073 255 2133 telli
270 2074 420 2134 voluntate
436 2073 546 2132 bellum
561 2071 705 2132 intactum
718 2071 806 2144 trahi
1275 2086 1313 2136 20

132 2157 174 2218 84
279 2157 316 2217 lt
335 2157 456 2226 MariuS,
478 2162 512 2216 ut
532 2173 620 2234 supra
640 2155 781 2228 diximus,
802 2155 1032 2233 cupientissuma
1052 2156 1137 2234 plebe
1151 2156 1254 2216 consul

193 2241 303 2312 factuS,
324 2248 481 2318 postquam
497 2239 523 2298 ei
537 2239 717 2316 provinciam
732 2239 899 2300 Numidiam
914 2241 1040 2318 populus
1055 2241 1152 2311 iussit,
1169 2247 1254 2312 antea

94 2319 95 2322 ’
194 2325 253 2384 iam
269 2324 392 2384 infestus
407 2323 562 2394 nobilitati,
578 2331 644 2382 tum
659 2342 727 2384 vero
744 2325 854 2384 multus
866 2331 952 2402 atque
964 2325 1047 2384 ferox
1057 2325 1175 2395 instare,
1191 2324 1253 2384 sin-

193 2409 276 2486 gulos
292 2409 381 2468 modo
396 2408 485 2468 modo
497 2407 650 2468 univorsos
662 2408 786 2480 laedere,
803 2407 934 2468 dictitare
946 2427 1010 2470 sese
1022 2409 1207 2469 consulatum
1218 2428 1254 2468 ex

103 2567 105 2569 Ι
193 2492 276 2552 victis
294 2493 351 2554 ‚illis
370 2492 463 2570 spolia
478 2492 603 2570 cepisse,
627 2491 681 2552 alia
695 2499 846 2571 praeterea
860 2493 1025 2572 magnutica
1039 2511 1092 2572 pro
1107 2511 1139 2552 se
1153 2501 1184 2552 et
1198 2493 1253 2552 illis
1276 2505 1313 2556 25

156 2583 171 2633 2
194 2577 331 2638 dolentia.
362 2577 481 2636 interim
497 2595 571 2656 quae
586 2577 660 2637 bello
676 2595 750 2655 opus
765 2585 849 2637 erant
863 2577 957 2654 prima
972 2577 1087 2649 habere,
1104 2578 1254 2656 postulare

194 2661 355 2740 legionibus
367 2663 615 2740 supplementum,
628 2662 732 2722 auxilia
743 2680 760 2720 a
770 2661 885 2740 populis
894 2669 923 2720 et
929 2663 1045 2740 regibus
1053 2663 1197 2740 sociisque
1206 2679 1253 2722 ar-

194 2764 317 2817 cessere,
332 2753 482 2824 praeterea
498 2765 533 2806 ex
544 2745 627 2812 Latio
639 2745 844 2806 fortissumum
854 2764 1012 2825 quemque,
1028 2745 1183 2824 plerosque
1196 2746 1253 2806 mi-

194 2830 271 2889 litiae
290 2849 399 2908 paucos
422 2831 500 2892 fama
516 2831 649 2908 cognitos
664 2831 757 2890 accire
772 2837 802 2890 et
819 2829 978 2890 ambiundo
997 2849 1100 2908 cogere
1115 2831 1253 2890 homines

158 2923 173 2972 3
194 2915 323 2974 emeritis
343 2915 497 2992 stipendiis
516 2932 618 2975 secum
637 2914 792 2992 proficisci.
822 2931 919 2992 neque
938 2915 979 2975 illi
993 2923 1126 2987 senatus,
1148 2933 1256 2994 quam:
1275 2925 1313 2978 30

153 3023 161 3038 ·
194 3016 284 3075 quam
304 2998 445 3058 advorsus
460 3006 537 3070 erat,
557 2998 598 3056 de
608 2999 668 3057 ullo
683 2999 800 3076 negotio
815 2999 944 3059 abnuere
956 2999 1092 3059 audebat.
1122 3006 1254 3060 ceterum

193 3081 434 3159 supplementum
450 3081 539 3140 etiam
553 3081 646 3142 laetus
662 3082 844 3155 decreverat,
866 3083 935 3162 quia
949 3101 1044 3162 neque
1059 3083 1137 3162 plebi
1151 3085 1254 3144 militia

193 3164 302 3225 volenti
317 3164 475 3244 putabatur
488 3173 519 3225 et
533 3165 639 3226 Marius
655 3173 705 3226 aut
720 3167 787 3230 belli
801 3185 890 3228 usum
901 3174 951 3228 aut
962 3168 1058 3228 studia
1073 3169 1148 3247 volgi
1162 3167 1254 3228 amis-

193 3267 290 3310 surus.
321 3249 373 3310 sed
387 3267 421 3309 ea
435 3268 483 3310 res
495 3251 605 3310 frustra
620 3257 749 3328 sperata:
769 3259 850 3312 tanta
869 3251 968 3312 lubido
981 3271 1048 3313 cum
1060 3252 1151 3312 llario
1163 3253 1254 3314 eundi

156 3342 174 3390 4
193 3333 350 3411 plerosque
365 3333 519 3394 invaserat.
545 3353 610 3394 sese
625 3335 749 3414 quisque
763 3337 868 3414 praeda
884 3337 1060 3415 locupletem
1071 3338 1143 3409 lore,
1161 3338 1253 3398 victo·
1276 3347 1312 3396 35

193 3435 257 3476 rem
269 3418 392 3478 domum
402 3418 577 3490 rediturum,
590 3419 645 3478 alia
655 3420 859 3480 huiuscemodi
870 3421 975 3480 animis
987 3421 1149 3492 trahebant,
1163 3430 1193 3482 et
1203 3440 1253 3482 eos

156 3508 171 3557 5
193 3519 253 3561 non
268 3503 388 3580 paulum
405 3503 536 3564 oratione
551 3522 604 3564 sua
618 3503 726 3564 Marius
741 3505 901 3564 adrexerat.
931 3522 1001 3564 nam
1015 3513 1174 3584 postquam
1187 3525 1253 3566 om-

193 3586 280 3645 nibus
302 3605 375 3664 quae
394 3588 592 3665 postulaverat
611 3588 735 3649 decretis
756 3587 863 3649 milites
878 3590 1003 3650 scribere
1018 3591 1093 3662 volt,
1116 3591 1255 3652 hortandi

262 3749 277 3798 2
296 3767 343 3814 qno
356 3751 404 3800 iam
417 3769 452 3802 ecc
464 3755 569 3818 quodam
581 3746 604 3804 P
616 3751 654 3820 ld
672 3755 765 3806 honera
778 3759 801 3806 P
812 3752 823 3822 ll
836 3757 852 3804 4
870 3757 913 3806 alii
926 3773 971 3823 qu*
987 3758 1067 3808 mario
1081 3759 1159 3821 (eras.
1177 3757 1200 3819 i)
1213 3741 1266 3824 Pll‘

194 3817 209 3866 8
228 3832 340 3880 magnum
353 3819 448 3884 copiam
460 3837 495 3869 cae
506 3837 622 3884 magnum
634 3822 732 3886 copinm
744 3825 768 3872 P
779 3821 788 3888 ΙΙ
804 3823 833 3874 12
852 3825 931 3874 cuiuis
944 3841 979 3874 em
996 3826 1068 3876 cuins
1081 3827 1104 3876 P
1116 3823 1125 3892 ll
1141 3825 1172 3874 15
1193 3823 1256 3876 lacit

192 3901 228 3934 ore
239 3882 287 3934 init
299 3886 342 3952 ΡΗ
356 3885 388 3933 20
406 3885 543 3945 intrantem
556 3890 580 3938 P
596 3886 600 3956 l
615 3889 645 3938 27
664 3905 794 3940 arcessere
809 3891 861 3953 PC,
878 3907 1010 3943 accersere
1027 3892 1067 3943 oct
1077 3894 1204 3944 accersire
1218 3893 1239 3942 C

153 3973 157 3982 ·
194 3952 226 4001 32
244 3953 336 4003 militia
349 3953 378 4016 0,
396 3953 511 4004 militiam
523 3953 586 4024 PC!
615 3956 647 4005 33
665 3957 761 4014 nolenti
777 3960 979 4023 PC,uolenteG
1002 3959 1012 4030 ll
1033 3961 1189 4026 putabuntur
1206 3963 1230 4012 P

193 4020 276 4070 studia
289 4021 446 4072 ocantur>
1132 4022 1137 4032 '
