2846 4682
390 381 433 432 llll
452 381 700 434 confflnnnoltn
719 382 897 435 CATILINAE
968 417 970 428 ·
1135 387 1175 446 ‘27

114 535 212 598 traditi
236 543 332 597 erant.
363 538 416 598 sed
435 557 487 598 eos
508 539 595 617 paulo
616 546 683 599 ante
702 538 842 617 frequens
861 545 979 601 senatus
999 539 1176 602 iudicaverat

116 630 214 683 contra
229 637 295 690 rem
311 622 458 701 publicam
472 623 586 684 iecisse.
616 631 679 684 tum
693 623 725 684 l).
741 623 842 686 lunius
855 625 970 685 Silanus
981 625 1095 704 primus
1104 643 1175 686 sen·
1187 641 1212 691 ,4
1284 676 1287 684 ,

67 699 70 710 ’
114 707 236 769 tentiam
251 715 382 787 rogatus,
397 708 476 786 quod
490 729 527 769 eo
541 717 675 788 tempore
689 709 976 788 oonsul'designatus
989 717 1063 782 erat,
1080 711 1118 771 de
1132 711 1175 772 sis

115 792 209 872 quiin
224 793 367 853 custodiis
382 793 559 854 tenebantur
571 801 603 854 ct
616 800 766 874 praeterea
780 794 817 854 de
833 794 864 854 L.
876 795 975 856 Cassio
990 796 1023 856 Ρ.
1035 794 1126 856 Furio
1141 796 1174 856 P.

84 887 96 936 t
115 877 265 938 Umbreno
281 878 317 950 Q.
332 877 441 950 Annio,
456 879 481 938 si
497 879 671 958 deprehensi
682 880 794 952 forent,
806 879 985 960 suppliciunt
992 881 1175 942 sumundum

114 963 285 1024 decreverat
305 963 388 1042 isque
407 971 511 1042 postea
530 973 682 1044 permotus
702 965 833 1026 oratione
853 966 884 1026 (L
901 965 1031 1026 Caesaris
1051 965 1174 1045 pedibus

113 1048 143 1108 in
170 1047 353 1109 sententiam
366 1047 422 1108 Ti.
444 1048 567 1110 Neronis
588 1051 699 1110 iturum
722 1069 753 1110 se
776 1050 902 1122 dixerat,
928 1051 1008 1130 quod
1030 1051 1066 1112 de
1087 1065 1123 1112 ea
1142 1069 1174 1112 re

113 1133 264 1212 praesidiis
278 1133 385 1194 additis
398 1134 590 1196 referundum
605 1143 767 1196 censuerat.
794 1135 846 1196 sed
859 1135 974 1208 ‘Caesen
989 1136 1040 1196 ubi
1054 1136 1091 1196 ad
1103 1153 1174 1196 cunr
1196 1155 1210 1202 5

114 1227 234 1278 rentum
262 1226 323 1294 est,
350 1226 470 1298 rogatus
489 1221 666 1280 sententiam
686 1239 703 1279 a
725 1221 846 1282 consule
864 1221 1067 1290 huiuscemodi
1087 1221 1174 1282 rerba

68 1310 96 1361 10
115 1303 229 1364 locutus
244 1311 298 1365 est.
677 1341 679 1346 κ

194 1381 311 1450 ‘Omnis
325 1389 470 1461 homines,
485 1397 585 1468 patres
599 1389 766 1468 conscripti,
783 1390 832 1468 qui
844 1389 880 1450 de
892 1389 980 1452 rebus
993 1391 1089 1451 dubiis
1101 1407 1173 1451 con·
1194 1398 1235 1458 51

113 1474 231 1546 sultant,
247 1475 285 1535 ab
302 1475 371 1535 odio
388 1473 514 1535 amicitia
528 1474 570 1536 ira
582 1481 669 1553 atque
680 1475 878 1536 misericordia
890 1494 995 1536 vacuos
1006 1495 1068 1537 csse
1081 1475 1172 1537 decet.

113 1559 190 1619 baud
205 1559 290 1620 facile
306 1561 422 1620 animus
433 1577 534 1620 verum
546 1559 689 1638 providet,
704 1560 756 1620 ubi
766 1560 968 1633 illaolficiunt,
984 1579 1080 1640 neque
1092 1561 1173 1640 quis·
1194 1575 1209 1624 2

114 1663 202 1723 mam
217 1645 354 1706 omnium
368 1645 491 1706 lubidini
506 1644 594 1705 simul
609 1652 639 1705 et
650 1645 716 1706 usui
728 1645 832 1724 paruit.
859 1646 910 1706 nbi
921 1645 1080 1707 intenderis
1092 1646 1173 1726 inge-
1195 1659 1210 1710 1

69 1733 95 1785 tt
113 1729 204 1802 nium,
221 1731 314 1790 valet:
330 1731 356 1791 si
370 1729 469 1790 lubido
485 1730 623 1809 possidet,
638 1749 673 1792 ea
687 1730 863 1804 dominatur,
878 1731 994 1792 animus
1004 1731 1077 1791 nibil
1088 1731 1172 1792 rdet.

113 1833 217 1896 magna
237 1815 311 1876 mihi
327 1817 411 1894 copia
429 1821 474 1876 est
495 1815 688 1888 memorandi,
709 1823 806 1895 patres
825 1815 996 1895 conscripti,
1021 1817 1073 1896 qui
1091 1834 1173 1896 reges
1195 1830 1210 1878 4

113 1907 199 1980 atque
215 1901 318 1980 populi
332 1901 375 1960 ira
389 1907 440 1962 aut
454 1900 653 1961 misericordia
667 1901 775 1979 inpulsi
790 1901 866 1961 male
881 1900 1091 1962 consuluerint.
1121 1901 1173 1962 sed
1272 1933 1277 1941 1

113 2005 146 2047 ea
163 1986 243 2046 malo
264 1986 375 2058 dicere,
393 2003 467 2064 quae
482 1985 607 2046 maiores
621 1985 717 2046 nostri
731 1993 832 2046 eontra
846 1985 1007 2047 lubidinem
1022 1987 1113 2047 animi
1126 1987 1172 2048 sui

112 2078 189 2132 recte
217 2078 307 2150 atque
332 2071 435 2132 ordine
459 2069 565 2131 fecere.
598 2070 675 2131 bello
701 2069 896 2144 Macedonico,
917 2071 996 2150 quod
1016 2091 1085 2132 cum
1104 2088 1208 2151 reges

67 2157 94 2209 ²⁰
114 2155 200 2216 Perse
211 2156 368 2235 gessimus
383 2155 566 2234 thdiorum
583 2155 684 2217 civitas
699 2175 804 2235 magna
820 2164 908 2236 atque
915 2157 1080 2236 magnilica,
1097 2176 1172 2238 quae

112 2241 211 2320 populi
226 2241 354 2302 Romani
375 2240 481 2320 opibus
497 2249 641 2314 creverat,
664 2239 752 2302 mli'da
766 2249 854 2321 atque
869 2243 991 2305 advorsa
1006 2243 1091 2308 uobis
1105 2243 1171 2303 luit.

111 2325 161 2386 sed
175 2335 336 2406 postquam
351 2325 427 2386 bello
444 2325 578 2387 conlecto
594 2327 630 2388 de
645 2326 767 2388 Rhodiis
783 2327 951 2388 consultum
966 2335 1025 2399 est,
1046 2328 1171 2388 maiores

111 2413 217 2484 nostri,
241 2413 348 2490 nequis
367 2410 531 2472 divitiarum
552 2411 644 2491 magis
660 2429 749 2491 quam
765 2413 885 2474 iniuriae
901 2430 986 2474 causa
1000 2413 1110 2473 bellum
1125 2414 1170 2474 in-

112 2504 231 2575 ceptum
246 2497 366 2568 diceret,
381 2495 532 2576 inpunitos
547 2515 598 2557 eos
613 2497 760 2558 dimisere.
790 2498 861 2558 item
877 2498 957 2558 bellis
973 2497 1089 2558 Punicis
1104 2517 1170 2559 om·
1193 2513 1208 2562 6

65 2593 92 2646 15
113 2581 209 2651 nibus,
224 2601 294 2643 cum
309 2599 395 2660 saepe
411 2581 660 2660 Carthaginienses
676 2591 706 2643 et
721 2583 751 2643 iu
766 2601 836 2661 pace
852 2589 881 2642 et
892 2602 944 2662 por
955 2583 1081 2643 indutias
1093 2585 1171 2643 mul·

112 2673 145 2726 ta
158 2667 267 2728 nefaria
281 2667 410 2728 facinora
424 2667 572 2737 iecissent,
588 2685 751 2745 numquam
766 2667 822 2746 ipsi
837 2685 890 2746 per
905 2667 1086 2728 occasionem
1103 2668 1170 2728 talia

111 2752 222 2812 fecere:
243 2753 336 2830 magis
353 2751 422 2831 quid
438 2771 469 2812 se
485 2752 606 2830 dignum
620 2753 698 2812 foret
713 2769 802 2831 quam
816 2752 887 2830 quid
902 2753 932 2811 in
947 2752 1012 2812 illos
1029 2752 1091 2812 iure
1107 2753 1171 2814 lieri

111 2845 213 2915 posset
239 2837 427 2915 quaerebant.
463 2837 521 2897 hoc
547 2837 618 2897 item
647 2837 729 2897 vobis
751 2835 964 2916 providendum
985 2845 1044 2910 est,
1073 2844 1170 2916 patres
1192 2851 1206 2898 1

112 2921 285 3001 conscripti,
301 2941 338 2982 ne
353 2922 419 3001 plus
433 2922 511 3002 apud
525 2941 577 2982 vos
592 2923 685 2982 valcat
700 2922 731 2982 P.
746 2922 863 2983 Lentuli
877 2929 908 2983 et
922 2930 1090 2983 ceterorum
1104 2941 1170 2984 sce-

67 3017 94 3069 te
111 3008 156 3067 lus
177 3026 267 3086 quam
288 3015 386 3068 vostra
405 3007 545 3086 dignitas,
565 3025 623 3067 neu
643 3008 735 3086 magis
754 3007 814 3068 irae
833 3013 947 3070 vostrae
967 3027 1059 3088 quam,
1076 3009 1170 3069 lemae

111 3093 280 3154 consulatis.
309 3110 378 3153 nam
397 3093 424 3152 si
439 3093 524 3172 digua
538 3110 633 3172 poena
648 3111 701 3172 pro
716 3093 801 3154 iactis
814 3112 918 3154 eorum
933 3094 1093 3172 reperitur,
1114 3113 1171 3156 no·
1193 3107 1208 3156 8

110 3197 179 3238 vom
195 3178 350 3238 consilium
366 3177 511 3257 adprobo:
534 3177 580 3237 sin
594 3178 765 3258 magnitudo
779 3179 897 3240 sceleris
912 3179 1047 3241 omnium
1058 3180 1170 3260 ingenia

111 3269 262 3342 exuperat,
275 3263 316 3323 eis
326 3263 469 3324 utendum
481 3280 587 3324 censeo
599 3281 674 3342 quae
685 3263 797 3342 legibus
809 3271 964 3344 conparata
976 3271 1055 3324 sunt.
1081 3266 1170 3343 pleri-
1191 3275 1207 3324 9

113 3367 170 3426 que
191 3367 311 3416 eorum,
334 3349 384 3428 qui
405 3355 472 3409 ente
491 3367 539 3408 me
555 3349 716 3410 sententias
731 3349 881 3422 dixerunt,
903 3349 1067 3428 composite
1082 3357 1169 3427 atque

67 3444 94 3493 11
112 3433 265 3512 magnifice
285 3452 386 3494 casum
404 3433 446 3494 rei
465 3433 596 3512 publicae
616 3433 746 3495 miserati
766 3441 856 3494 sunt:
876 3452 950 3512 quae
970 3433 1038 3494 belli
1052 3434 1168 3496 saevitia

112 3525 199 3590 esset,
216 3537 290 3598 quac
305 3519 388 3579 victis
404 3518 579 3588 acciderent,
595 3535 818 3596 enumeravere3
833 3519 895 3596 rapi
911 3518 1035 3597 virgines
1050 3537 1168 3596 pueros,

112 3603 207 3664 divelli
231 3604 338 3664 liberos
364 3623 380 3664 a
405 3610 560 3682 parentum
587 3603 756 3683 complexu,
787 3611 895 3664 matres
914 3604 1092 3665 familiarum
1110 3605 1170 3682 pati

113 3760 307 3768 -.-.-—--—·-.

178 3858 194 3907 2
212 3858 310 3908 silanus
322 3873 359 3908 ac
370 3857 466 3907 salinus
479 3859 502 3908 P
513 3855 522 3922 ll
535 3859 550 3908 l
568 3858 632 3924 quod
643 3857 696 3920 PC,
708 3857 750 3924 qui
763 3854 803 3924 01
818 3857 849 3907 16
865 3875 888 3923 p.
903 3873 924 3908 c
938 3876 960 3908 s.
972 3875 993 3908 r.
1008 3857 1031 3906 P
1042 3855 1051 3922 ss
1064 3859 1106 3922 qni
1119 3860 1169 3920 PC,

112 3941 172 3990 quae
185 3927 215 3978 V
214 3925 256 3993 Cl
271 3927 300 3976 li
315 3925 495 3976 consuluerunt
505 3926 534 3978 V
543 3925 552 3992 l
570 3927 598 3976 19
610 3925 709 3977 laesere
720 3941 755 3976 aa
766 3925 850 3976 lacere
862 3928 886 3976 P
897 3924 907 3992 l
921 3927 950 3976 21
966 3933 1040 3990 atque
1052 3925 1103 3988 PC,
1115 3933 1141 3976 ot
1150 3943 1169 3993 p

112 3996 136 4042 iar
147 4009 243 4060 rnarg„
257 3993 307 4046 VC
316 3993 326 4058 ΙΙ
341 3997 371 4042 21
385 3993 503 4044 dimisere
514 4011 550 4046 aa:
560 3995 646 4044 dicere
657 3996 681 4045 P
693 3993 702 4055 l
715 3995 747 4044 311
765 4009 813 4044 neu
824 3993 875 4056 PC,
888 4010 950 4046 neue
963 3994 991 4045 V
991 3993 1013 4044 0
1021 3992 1032 4058 ll
1045 3993 1072 4043 31
1090 4007 1168 4057 poena

112 4079 165 4180 sea.
178 4064 203 4113 P
213 4065 223 4128 ΙΙ
237 4063 270 4114 32
283 4061 377 4126 inginiri
388 4063 414 4112 P
424 4059 434 4130 l
447 4062 480 4112 33
495 4064 534 4113 liis
546 4063 664 4114 utendum
675 4061 731 4126 VC,
744 4062 783 4112 bis
795 4077 844 4112 om.
858 4059 903 4129 ΡΙ
915 4064 949 4112 ³4
964 4060 1112 4112 sententian
1125 4060 1155 4110 V
1161 4060 1171 4128 ΙΙ

112 4130 126 4178 3
154 4132 308 4182 accederent
319 4132 344 4181 P
