2854 4678
156 424 158 429 .
226 376 285 438 132
552 371 683 424 1Ncnnrl
699 373 744 422 An
763 370 942 422 CAESAREM

180 527 201 588 2
220 527 328 590 futura.
357 527 410 588 sed
424 527 495 600 iam,
512 543 571 606 quo
586 527 692 588 melius
706 525 877 604 faciliusque
893 525 1070 598 constituas,
1086 525 1186 605 paucis
1202 542 1277 604 quae

220 629 269 672 me
284 612 399 674 animus
413 617 516 672 monet
531 611 637 690 accipe.

183 708 198 759 t
303 695 417 758 Bellum
430 694 483 757 tibi
496 695 561 768 luit,
577 695 745 776 imperator,
761 711 830 756 cum
844 695 965 755 homine
979 693 1067 766 claro,
1082 693 1196 773 magnis
1211 693 1277 772 opi·

214 781 284 854 bus,
300 781 384 842 arido
395 781 552 862 potentiae,
568 781 678 842 maiore
689 780 809 842 iortuna
820 797 909 858 quam
919 779 1069 858 sapientia,
1081 795 1171 860 quem
1183 777 1278 838 secuti

219 872 289 926 sunt
303 867 388 946 pauci
401 869 456 946 pei
467 884 552 928 suam
566 865 702 928 iniuriam
713 864 766 926 tibi
777 864 983 936 inimici,·item
995 881 1069 943 quos
1080 863 1214 926 adfinitas
1226 873 1277 924 aut
1298 869 1314 917 ⁵
1419 941 1420 944 Ἴ

183 950 274 1012 salia
292 949 477 1013 necessitudo
496 949 593 1012 traxit.
622 969 692 1012 narn
714 950 858 1030 particeps
880 949 1088 1010 dominationis
1110 966 1209 1028 neque
1222 947 1279 1008 fuit

220 1035 377 1116 quisquam
386 1051 493 1117 neque,
508 1037 534 1098 si
544 1035 605 1116 pati
616 1035 769 1115 potuisset,
782 1033 860 1096 orbis
871 1037 1018 1095 mirarum
1028 1033 1105 1094 bello
1117 1050 1279 1095 concussus

183 1134 200 1183 4
219 1119 306 1182 ieret.
333 1129 430 1183 cetera
443 1121 601 1182 multitudo
613 1120 688 1199 volgi
698 1137 782 1181 more
793 1119 884 1198 magis
896 1137 985 1198 quam
995 1117 1111 1190 iudicio,
1126 1125 1195 1197 post
1204 1117 1278 1178 alius

184 1217 199 1266 5
219 1204 309 1266 alium
328 1206 411 1286 quasi
431 1205 652 1285 prudentiorem
670 1206 771 1266 secuti.
805 1203 957 1284 peridem
975 1210 1095 1282 tempus
1115 1201 1277 1264 maledictis

219 1289 406 1368 ineiquorum
425 1289 609 1370 occupandae
629 1289 672 1352 rei
690 1288 822 1369 publicae
842 1287 873 1348 in
891 1306 976 1368 spem
995 1287 1112 1350 adducti
1129 1287 1276 1359 homines,
1301 1288 1333 1339 1⁰
1420 1288 1421 1322 1

220 1373 326 1452 quibus
341 1373 439 1436 omnia
452 1374 561 1453 probro
576 1392 610 1435 ac
623 1375 737 1436 luxuria
752 1374 862 1453 polluta
876 1379 974 1444 erant,
993 1389 1167 1434 concurrere
1181 1372 1212 1433 iu
1227 1389 1277 1432 ca·

219 1464 281 1518 stra
294 1465 346 1519 tua
360 1465 390 1520 et
405 1466 504 1538 aperte
516 1460 639 1539 quieteis
649 1466 777 1520 mortem
788 1459 914 1538 rapinas,
929 1463 1080 1537 postremo
1092 1457 1191 1517 omnia
1202 1472 1277 1536 quae

184 1552 199 1603 6
220 1549 359 1621 corrupto
374 1542 473 1604 animo
488 1542 616 1616 lubebat,
632 1543 769 1605 minitari.
799 1562 835 1621 ex
850 1543 932 1622 queis
947 1559 1052 1621 magna
1065 1559 1142 1621 pars,
1158 1540 1210 1602 ubi
1223 1557 1277 1601 ne·

221 1643 279 1705 que
299 1627 442 1688 creditum
458 1627 632 1690 condonarei
646 1645 743 1708 neque
758 1635 788 1688 te
802 1626 911 1688 civibus
926 1625 1013 1689 sicuti
1026 1626 1160 1687 hostibus
1175 1625 1220 1686 uti
1233 1625 1277 1685 vi-

222 1711 304 1784 dent,
331 1711 492 1784 deduxere,
512 1713 598 1792 pauci
616 1713 750 1773 restitere
770 1711 876 1791 quibus
896 1711 990 1773 maius
1010 1711 1102 1772 otium
1122 1710 1152 1770 in
1173 1709 1276 1770 eastris
1301 1715 1333 1764 15
1414 1712 1419 1793 j

221 1813 310 1874 quam
336 1795 448 1857 Romae
472 1797 607 1858 futurum
631 1805 708 1858 erat:
730 1803 812 1858 tanta
831 1796 873 1857 vis
893 1795 1071 1858 creditorum
1091 1793 1276 1874 inpendebat.

184 1895 199 1943 7
220 1879 272 1942 sed
287 1879 325 1940 cb
339 1881 458 1942 easdem
473 1900 574 1942 causas
584 1883 713 1943 immane
725 1882 833 1942 dictust
843 1879 944 1960 quanti
955 1887 986 1941 et
997 1899 1086 1960 quam
1097 1879 1182 1941 multi
1193 1897 1277 1940 mor·

220 1965 293 2024 tales
307 1973 410 2043 postea
424 1965 460 2026 ad
475 1965 650 2045 Pompeium
665 1966 863 2038 discesserint,
879 1983 973 2044 eoque
988 1984 1042 2044 per
1056 1982 1144 2027 omne
1158 1971 1277 2044 tempus

220 2048 288 2110 belli
303 2051 386 2128 quasi
399 2068 481 2111 sacro
496 2057 584 2130 atque
598 2051 753 2129 inspoliato
767 2051 836 2111 lano
852 2049 999 2110 debitores
1014 2051 1069 2110 usi.

181 2138 200 2200 3
306 2133 398 2212 igitur
417 2135 556 2213 quoniam
574 2135 627 2195 tibi
645 2135 748 2196 victori
766 2135 802 2194 de
823 2133 898 2194 bello
920 2141 1007 2213 atque
1022 2153 1092 2213 pace
1108 2132 1278 2214 agitandum
1299 2142 1333 2191 20

221 2224 275 2288 est,
291 2218 349 2277 hoo
363 2218 407 2278 uti
422 2218 542 2278 civiliter
555 2219 693 2298 deponas,
709 2218 756 2278 illa
770 2225 804 2278 ut
819 2236 908 2296 quam
923 2217 1081 2279 iustissima
1096 2225 1126 2278 et
1141 2217 1278 2278 diuturna

222 2302 274 2372 sit,
296 2299 332 2360 de
347 2308 377 2361 te
392 2303 456 2380 ipso
471 2303 614 2381 primum,
637 2303 687 2381 qui
702 2321 735 2362 ea
750 2303 967 2381 compositones
984 2321 1030 2375 es,
1047 2302 1117 2382 quid
1132 2303 1278 2380 optimum

185 2401 200 2451 2
222 2385 302 2446 factu
321 2385 359 2445 sit
379 2386 521 2447 existima.
552 2387 688 2466 equidem
708 2405 761 2465 ego
781 2394 885 2448 cuncta
903 2387 1025 2466 imperia
1045 2385 1170 2450 crudelia
1186 2388 1279 2466 magis

221 2468 325 2530 acerba
336 2487 426 2549 quam
436 2469 573 2531 diutsuna
583 2471 719 2544 arbitror,
733 2489 829 2550 neque
841 2489 1020 2551 quemquam
1031 2469 1130 2532 multis
1141 2477 1279 2532 metuen-

222 2555 294 2614 dum
313 2573 393 2627 esse,
415 2555 487 2634 quin
507 2555 543 2616 ad
562 2573 631 2617 eum
645 2575 682 2616 ex
696 2555 796 2617 multis
810 2556 938 2617 formido
953 2555 1092 2618 reccidat:
1108 2573 1174 2617 eam
1189 2556 1279 2617 vitam
1300 2573 1332 2626 2⁶

220 2637 330 2699 bellum
344 2645 498 2700 aeternum
512 2648 542 2700 et
556 2657 662 2720 anceps
677 2658 787 2720 gerere,
803 2640 942 2721 quoniam
958 2657 1054 2720 neque
1070 2639 1208 2702 adversus
1223 2659 1278 2702 ne-

222 2739 279 2801 que
294 2722 330 2782 ab
345 2729 426 2801 tergo
442 2731 493 2784 aut
506 2723 644 2786 lateribus
660 2731 742 2786 tutus
757 2725 807 2797 sis,
823 2742 941 2804 semper
951 2724 983 2785 in
993 2725 1122 2804 periculo
1134 2732 1185 2785 aut
1195 2733 1279 2786 metu

186 2823 201 2870 a
223 2806 321 2886 agites.
348 2815 450 2868 contra
461 2808 512 2890 qui
522 2809 700 2889 benignitate
710 2817 741 2870 et
751 2810 904 2871 elementia
914 2809 1280 2890 imperiumtemperavere

222 2891 256 2951 iis
270 2890 345 2952 laeta
359 2899 389 2952 et
403 2891 525 2955 candida
540 2895 640 2955 omnia
650 2895 720 2967 visa,
735 2895 824 2955 etiam
834 2893 935 2954 hostes
950 2895 1102 2973 aequiores
1114 2912 1203 2973 quam
1215 2894 1279 2955 aliis

186 2989 202 3038 4
222 2974 308 3034 cives.
337 2975 416 3036 haud
430 2977 490 3037 scio
504 2995 543 3038 an
557 2979 608 3058 qui
623 2979 731 3039 mobis
747 2977 830 3040 dictis
845 2985 1046 3058 corruptorem
1062 2978 1200 3040 victoriae
1211 2986 1279 3041 tuae
1299 2995 1332 3046 ab

222 3058 368 3135 nimisque
389 3059 420 3118 in
438 3061 529 3122 victos
547 3061 624 3122 bona
644 3062 794 3122 voluntate
808 3063 986 3142 praedicent.
1015 3061 1125 3124 sedicet
1138 3063 1220 3142 quod
1234 3081 1277 3136 ea,

223 3157 298 3219 quae
313 3143 418 3203 exteris
432 3143 599 3212 nationibus
613 3153 718 3207 natura
728 3146 813 3207 nobis
823 3147 958 3208 hostibus
969 3165 1083 3226 nosque
1094 3147 1279 3226 maioresque

221 3225 317 3286 nostri
326 3243 413 3306 saepe
424 3228 562 3301 tribuere,
574 3248 608 3291 ea
619 3230 729 3291 civibus
740 3230 833 3292 danda
845 3231 971 3293 arbitror
980 3249 1077 3311 neque
1087 3231 1211 3293 barbaro
1220 3232 1279 3294 ritu

181 3305 202 3364 4
224 3309 311 3372 caede
322 3311 440 3372 caedem
451 3320 481 3374 et
491 3314 662 3394 sanguinem
673 3315 812 3394 sanguine
825 3316 975 3395 expianda.
1000 3334 1038 3378 an
1049 3315 1106 3388 illa,
1119 3333 1279 3396 quaepau-

222 3393 251 3454 lo
266 3402 333 3456 ante
347 3396 404 3456 boc
417 3395 526 3459 bellum
540 3399 573 3460 in
587 3399 638 3461 Cn.
653 3399 828 3480 Pompeium
843 3400 1051 3480 victoriamque
1066 3399 1215 3462 Sullanam
1230 3401 1277 3462 in-
1300 3417 1332 3470 aa

223 3479 428 3558 crepabantnr‚
453 3482 557 3544 oblivio
572 3485 734 3546 interiecit:
755 3485 930 3557 Domitium,
947 3485 1125 3557 Carbonem,
1140 3485 1276 3558 Brutum,

222 3562 293 3623 alios
307 3563 379 3624 item
394 3581 456 3625 non
466 3575 594 3628 armatos
605 3586 700 3647 neque
712 3569 743 3630 in
753 3569 864 3648 proelio
876 3569 944 3630 belli
954 3569 1017 3632 iure
1029 3570 1081 3632 sed
1092 3577 1194 3650 postea
1204 3589 1277 3650 sup-

222 3645 312 3724 plices
326 3666 379 3727 per
392 3667 545 3713 summum
558 3653 652 3714 scelus
667 3652 843 3726 interiectos,
859 3653 974 3734 plebem
988 3655 1152 3718 Romanam
1167 3655 1198 3717 in
1212 3655 1277 3716 villa

293 3879 325 3930 14
334 3881 485 3932 condonarei
495 3887 590 3951 κονίῃσι·
597 3889 702 3937 anctore
712 3886 797 3937 Cos-tio
810 3887 864 3952 (qui
874 3889 1028 3951 condonari),
1037 3889 1180 3940 condonare
1189 3887 1218 3941 V
1223 3885 1234 3956 l
1243 3889 1276 3940 20

223 3947 340 4030 fortasse
351 3963 412 4014 pecc
424 3957 498 4032 atquo
509 3951 576 4002 bello
589 3951 599 4020 ΙΙ
613 3953 643 4002 21
662 3961 691 4034 ert
700 3958 760 4021 post
771 3954 817 4004 illa
828 3957 940 4034 auertit
950 3955 1047 4022 Aldus,
1060 3971 1110 4008 orn.
1125 3955 1153 4008 V
1158 3954 1168 4024 ΙΙ
1181 3956 1214 4006 29
1232 3971 1276 4006 ue·

222 4030 408 4135 tqgmrlrlsirsequuam
421 4018 478 4069 alus
490 4019 591 4085 earm,
604 4035 736 4085 nequiores
749 4036 821 4087 quam
833 4023 878 4072 alii
892 4023 921 4074 V
929 4021 939 4090 ΙΙ
955 4023 988 4082 32
1007 4025 1103 4074 exteris
1115 4026 1217 4091 scripti,
1229 4039 1274 4074 ex-
