2854 4678
537 332 585 382 nu·
599 332 641 382 un
660 330 799 382 ruanrca
817 331 837 382 u
1157 336 1215 397 137

161 488 204 548 sio
217 486 308 548 civilis
323 493 368 550 tut
382 492 444 548 tam
455 485 587 548 inlustris
597 484 722 547 familias
733 486 770 547 ab
781 485 872 566 stirpe
884 483 1012 548 evertit?
1027 492 1077 550 aut
1089 505 1216 568 quorum

160 591 301 652 umquam
322 571 352 632 in
371 571 492 650 viatoria
512 571 627 632 animus
646 577 707 632 tam
728 588 866 650 praeceps
880 578 1001 652 tamque
1015 572 1217 634 inmoderatus

159 655 237 718 tuit?
263 657 295 718 L.
313 657 401 729 Sulla,
418 657 464 718 oui
479 655 577 718 omnia
592 655 623 716 in
637 655 757 716 victoria
771 655 833 736 lege
848 655 915 716 belli
930 657 1083 732 liouemnt,
1099 657 1217 719 tametsi
1237 649 1258 710 4

160 741 302 822 supplicio
323 742 454 802 hostium
468 741 559 821 partis
575 758 642 802 suas
657 739 767 801 muniri
781 739 980 820 intellegebat,
1001 749 1101 804 tamen
1116 743 1216 822 paneis

125 837 139 885 5
160 825 320 888 interfectis
335 833 448 888 eeteros
463 825 606 886 beneficio
621 842 710 906 qnam
725 832 808 888 metu
822 825 948 887 retinere
964 827 1076 888 maluit.
1104 835 1134 888 at
1148 829 1216 889 her·
1238 833 1253 882 2

162 911 224 972 oule
238 910 276 970 Μ.
293 911 395 972 Catoni
409 911 442 971 L.
459 910 587 972 Domitio
609 909 773 989 ceterisque
794 910 925 972 eiusdem
941 911 1075 972 iaotionis
1091 912 1217 992 quadra-

160 995 239 1076 ginta
253 1001 412 1068 senatores,
428 995 515 1056 multi
529 1001 678 1074 praeterea
694 1013 762 1055 oum
777 1013 829 1074 spe
839 995 1126 1058 bona‘adulesoentes
1138 996 1217 1060 sicu·

161 1081 201 1140 tei
220 1079 335 1140 hostiae
356 1081 474 1142 mactati
495 1086 579 1152 sunt,
601 1097 691 1158 quom
714 1079 824 1141 interea
844 1080 1097 1160 inportunissuma
1111 1099 1217 1162 genera

160 1164 314 1226 bominum
341 1171 386 1226 tot
411 1163 719 1226 miserorum'oivium
740 1164 880 1244 sanguine
900 1165 998 1226 satiari
1018 1165 1215 1246 nequiemnt:

109 1258 139 1308 10
160 1267 221 1311 non
242 1249 305 1310 orbi
320 1249 415 1321 liberi,
436 1267 497 1311 non
511 1255 648 1329 parentes
663 1256 763 1310 exacta
776 1257 884 1321 aetate,
906 1261 967 1311 n'on
981 1251 1077 1313 luctus
1092 1251 1217 1330 gemitus

159 1335 288 1395 virorum
303 1335 460 1396 mulierum
474 1335 624 1396 inmanem
640 1352 743 1394 eorum
755 1335 886 1397 animum
898 1335 1018 1408 inflexit,
1035 1336 1125 1416 quein
1136 1353 1218 1397 aoer-
1315 1355 1317 1364 ’

159 1419 225 1480 bius
239 1418 270 1479 in
286 1419 348 1479 dies
363 1419 438 1481 male
453 1419 590 1487 faciundo
604 1437 637 1479 ae
648 1419 774 1480 dicundo
786 1419 926 1498 dignitate
937 1420 1007 1480 alios
1019 1421 1090 1482 alios
1103 1420 1217 1482 civitate

159 1514 294 1565 eversum
314 1504 400 1566 irent.
429 1522 498 1564 nam
518 1503 589 1586 quid
608 1521 661 1582 ego
682 1504 717 1566 da
732 1510 762 1564 te
778 1501 896 1566 dicam?
911 1504 993 1565 ouius
1009 1505 1216 1566 contumeliam
1239 1518 1254 1567 3

160 1588 295 1650 homines
309 1589 488 1667 ignavissimi
504 1589 561 1650 vita
577 1606 630 1648 sua
642 1595 824 1650 commutare
838 1589 948 1661 volunt,
965 1589 990 1649 si
1000 1589 1094 1650 liceat.
1121 1608 1217 1670 neque

110 1691 139 1740 15
160 1673 216 1734 illis
231 1679 329 1736 tantae
343 1673 486 1754 voluptati
501 1680 555 1747 est,
572 1673 689 1736 tametsi
701 1673 917 1754 insperantibus
929 1674 1040 1748 aeoidit,
1057 1674 1217 1736 dominatio
1247 1729 1251 1732 ,

161 1763 271 1838 quanto
292 1759 418 1820 maerori
432 1766 483 1820 tua
498 1757 636 1837 dignitas:
654 1759 743 1837 quein
758 1758 886 1836 optatius
901 1758 1011 1820 habent
1025 1779 1061 1821 ex
1075 1766 1126 1821 tua
1141 1759 1218 1822 oala·

160 1843 262 1903 mitate
281 1843 445 1922 perieulum
464 1843 607 1904 libertatis
628 1841 738 1915 faeere,
761 1861 849 1922 quam
867 1861 921 1924 per
934 1849 964 1904 te
978 1843 1078 1924 populi
1093 1843 1218 1905 Romani

160 1927 316 2006 imperium
332 1928 494 1990 maximum
508 1947 545 1988 ex
560 1945 665 2006 magno
680 1927 752 1988 fieri.
783 1947 842 2007 quo
858 1928 949 2006 magis
964 1928 1018 1988 tibi
1029 1929 1117 1990 etiam
1129 1936 1216 2008 atque
1238 1941 1253 1990 4

161 2011 249 2073 etiam
277 2012 376 2074 animo
400 2013 640 2094 prospiciendum
660 2018 718 2085 est,
744 2029 873 2091 quonam
894 2013 983 2074 modo
1005 2032 1070 2074 rem
1089 2013 1216 2075 stabilias

108 2111 138 2161 aa
161 2097 410 2178 eommuniasqne.
446 2097 519 2158 mibi
542 2097 661 2176 quidem
690 2115 766 2176 quae
784 2115 868 2158 mens
888 2097 1018 2178 suppetit
1039 2098 1136 2178 eloqui
1156 2115 1217 2158 non
1238 2110 1253 2159 5

160 2180 308 2242 dubitabo.
344 2188 475 2244 aeterum
499 2181 559 2243 tuei
579 2181 635 2242 erit
654 2181 762 2262 ingenii
781 2182 918 2263 probare,
947 2201 1021 2263 quae
1041 2202 1116 2245 vera
1129 2190 1216 2264 atque

159 2265 241 2326 utilia
255 2265 334 2328 laotu
348 2273 444 2346 putes.

247 2350 281 2410 ln
298 2350 371 2411 duas
382 2357 479 2431 partes
491 2369 544 2430 ego
557 2349 704 2411 civitatem
717 2350 840 2413 divisam
852 2351 989 2424 arbitror,
1005 2352 1080 2414 siout
1091 2371 1107 2412 a
1119 2351 1216 2412 maio·
1234 2355 1254 2412 b

160 2433 241 2496 ribus
266 2436 377 2514 aooepi,
405 2435 435 2496 in
463 2441 560 2515 patres
581 2441 611 2495 et
630 2433 755 2514 plebem.
793 2443 878 2497 antea
897 2437 927 2497 in
947 2436 1077 2516 patribus
1099 2454 1216 2497 summa

107 2535 138 2584 ts
161 2519 317 2580 auotoritas
338 2527 412 2593 erat,
432 2520 475 2580 vis
496 2519 590 2580 multo
612 2537 748 2580 maxuma
768 2519 799 2579 in
817 2520 911 2600 plebe.
942 2520 1040 2599 itaque
1055 2521 1171 2600 saepius
1185 2519 1216 2580 in
1237 2531 1252 2580 2

160 2604 273 2665 eivitate
293 2603 418 2666 secessio
438 2603 494 2666 fuit
513 2622 688 2684 semperque
703 2602 861 2674 nobilitatis
878 2623 948 2684 opes
964 2605 1131 2666 deminutae
1146 2611 1216 2666 sunt

159 2697 190 2750 et
208 2689 253 2750 ius
273 2689 374 2770 populi
396 2688 615 2769 amplificatum.
649 2688 700 2748 sed
721 2687 803 2768 plebs
822 2709 858 2750 eo
878 2689 968 2750 libere
988 2689 1127 2768 agitabat,
1148 2689 1215 2770 quia
1236 2699 1251 2748 3

159 2773 266 2834 nullius
286 2773 416 2853 potentia
435 2792 524 2853 snper
542 2773 619 2852 leges
634 2778 697 2833 erat
716 2789 812 2852 neque
827 2773 932 2834 divitiis
947 2779 998 2834 aut
1013 2772 1147 2854 superbia
1163 2773 1215 2834 sed

158 2857 235 2918 bona
254 2856 333 2919 fama
351 2856 493 2938 laetisque
507 2857 634 2918 fortibus
648 2856 754 2918 nobilis
769 2857 927 2938 ignobilem
942 2857 1082 2919 anteibat:
1104 2857 1215 2918 humil-
1311 2925 1315 2930 ,

105 2965 137 3016 ³0
158 2941 246 3003 limus
265 2941 389 3023 quisque
412 2943 444 3002 in
462 2941 551 3003 armis
565 2948 616 3003 ant
630 2941 661 3002 in
674 2941 778 3003 militia
792 2942 899 3004 nullius
914 2941 1055 3004 honestae
1068 2943 1112 3003 rei
1126 2959 1214 3022 egens

159 3027 228 3088 satis
247 3027 302 3088 sibi
322 3028 450 3107 satisque
471 3025 580 3106 patriae
599 3033 671 3088 erat.
702 3027 754 3088 sed
776 3027 827 3088 ubi
846 3047 897 3088 eos
917 3027 1058 3110 paulatim
1079 3028 1214 3108 expulsos
1232 3039 1248 3088 4

158 3111 232 3190 agris
246 3111 350 3173 inertia
365 3119 453 3192 atque
467 3111 566 3192 inopia
577 3111 704 3172 incertas
720 3111 824 3174 domos
835 3111 942 3174 babere
953 3112 1075 3192 subegit,
1092 3130 1215 3193 coepere

158 3195 266 3256 alienas
285 3215 358 3276 opes
375 3205 487 3276 petere,
515 3196 681 3257 libertatem
700 3209 783 3257 suam
805 3216 873 3258 cum
893 3216 925 3258 re
947 3197 1063 3276 publioa
1081 3197 1214 3258 venalem

157 3279 274 3342 babere.
304 3281 343 3342 ita
357 3281 495 3361 paulatim
506 3281 643 3362 populna,
659 3280 709 3360 qui
720 3281 858 3342 dominus
870 3288 941 3352 erat,
958 3279 1069 3342 cunetis
1079 3281 1214 3360 gentibus
1236 3297 1251 3345 5

106 3383 139 3436 35
157 3365 356 3445 imperitabat,
380 3366 509 3444 dilapsus
530 3372 575 3426 est
589 3372 618 3425 et
632 3383 686 3444 pro
701 3365 853 3426 communi
868 3365 991 3444 imperio
1007 3363 1143 3444 privatim
1159 3364 1213 3424 sibi

157 3450 282 3530 quisque
297 3449 467 3512 servitutem
482 3449 603 3529 peperit.
634 3449 707 3510 haec
721 3449 808 3528 igitur
818 3449 976 3510 multitudo
988 3448 1117 3529 primum
1129 3449 1213 3510 malis
1235 3463 1250 3512 6

158 3535 288 3596 moribus
308 3535 422 3607 inbuta,
447 3533 550 3594 deinde
568 3533 600 3594 in
620 3533 689 3594 artis
704 3533 837 3614 vitasque
851 3533 943 3594 varias
959 3534 1111 3614 dispalata‚
1133 3533 1213 3594 nullo

158 3619 246 3680 modo
272 3619 349 3681 inter
367 3637 400 3680 se
418 3635 594 3698 congruens,
619 3637 724 3698 parum
745 3619 818 3680 mibi
838 3619 958 3698 quidem
979 3619 1083 3680 idonea
1101 3617 1215 3680 videtur

227 3832 242 3881 5
259 3839 287 3882 at
302 3834 404 3886 beronio
416 3834 451 3886 M.
470 3833 558 3886 Catoni
577 3835 693 3898 Oredttrs,
710 3835 865 3886 atherbalem
881 3843 994 3887 entonam
1011 3835 1049 3901 V,
1066 3843 1092 3886 at
1109 3839 1212 3889 bertulo

157 3915 221 3950 nnno
234 3915 288 3950 eum
300 3901 396 3953 Catone
403 3902 489 3954 Aldus
501 3901 510 3970 ΙΙ
527 3904 553 3952 11
566 3903 639 3970 quein
652 3905 681 3967 (a.
691 3922 713 3954 a.
726 3904 794 3970 quin)
808 3904 837 3955 V
840 3901 849 3970 ll
861 3904 892 3954 16
904 3918 1002 3955 merore
1016 3904 1044 3955 V
1054 3903 1063 3970 l
1076 3905 1164 3970 quaein
1179 3908 1213 3966 (a.

156 3985 177 4017 a.
190 3966 265 4034 quin)
278 3969 307 4019 V
317 3968 326 4036 ll
335 3971 368 4021 ab
391 3970 467 4022 armis
481 3971 515 4034 V,
528 3971 597 4022 arnis
609 3972 697 4023 Boura
706 3971 765 4040 lla-ei
777 3973 860 4037 egone]
873 3971 959 4038 iugens
971 3975 998 4022 in
1010 3987 1106 4023 rasura
1119 3972 1148 4024 V
1157 3970 1168 4038 l
1180 3971 1212 4022 at

157 4035 252 4086 anartis
266 4036 301 4098 (in
311 4053 397 4104 marg.
410 4038 436 4089 in
448 4039 522 4103 artis)
536 4039 564 4090 V
