2846 4682
410 367 454 419 DE
473 365 720 420 CONlUllll'l'10Nll
738 365 915 418 CATILINAE
1135 439 1138 448 Ἰ
1157 371 1196 432 15

132 529 220 585 serat.
244 539 340 602 neque
354 507 454 585 tamen
470 523 610 586 Catilinae
624 523 709 584 furor
723 522 922 595 minuebatur,
938 523 990 583 sed
1000 521 1032 584 in
1043 522 1105 584 dies
1115 523 1198 602 plura

132 609 256 688 agitare,
278 627 358 670 arma
378 627 431 688 per
445 609 557 670 ltaliam
573 608 643 670 locis
659 610 835 688 opportunis
849 625 962 688 parare,
978 608 1133 688 pecuniam
1146 628 1200 672 sua

131 702 183 756 aut
197 694 364 756 amicorum
375 695 431 755 lide
455 701 604 773 sumptam
616 707 750 754 mutuam
761 693 898 754 Faesulas
908 693 944 754 ad
955 693 1095 756 Manlium
1104 712 1200 774 quen-

85 797 91 832 t
133 781 201 840 darn
221 785 355 858 portare,
379 781 430 859 qui
445 787 547 859 postea
561 780 696 859 princeps
710 779 767 839 fuit
781 778 849 838 belli
864 779 1002 840 faciundi.
1034 799 1067 840 ea
1082 787 1234 860 tempe-3
1290 772 1292 785 '

97 881 111 931 5
133 871 219 926 state.
230 864 377 944 plurimos
397 865 540 943 cuiusque
560 865 673 943 generis
688 865 825 924 homines
840 863 995 924 adscivisse
1011 865 1067 926 sibi
1081 865 1196 938 dicitur,
1231 851 1242 885 ¹

132 949 274 1011 mulieres
290 950 378 1010 etiarn
394 951 514 1030 aliquot,
530 967 604 1029 quae
618 950 714 1029 primo
730 949 855 1029 ingentis
866 956 1003 1028 sumptus
1015 956 1118 1028 stupro
1130 969 1197 1012 cor-

132 1035 214 1114 poris
234 1035 444 1107 toleraverant,
468 1043 536 1114 post
555 1034 606 1095 ubi
621 1043 700 1096 aetas
715 1042 831 1096 tantum
848 1035 937 1095 modo
954 1035 1087 1113 quaestui
1102 1052 1198 1115 neque

133 1121 267 1181 luxuriae
281 1121 413 1181 modum
432 1120 555 1192 fecerat,
578 1139 626 1182 aes
641 1121 769 1180 alienum
785 1119 892 1198 grande
908 1120 1113 1180 ooullaverant.
1143 1139 1197 1199 per
1217 1134 1233 1182 4

135 1225 185 1266 eas
207 1223 237 1266 se
254 1204 375 1266 Catilina
391 1205 527 1290 credebat
542 1223 628 1284 posse
643 1205 760 1266 servitia
774 1205 886 1267 urbana
901 1204 1070 1278 sollicitare,
1091 1205 1195 1266 urbem

82 1307 116 1356 10
137 1291 309 1364 incendere,
329 1289 407 1351 viros
422 1309 524 1354 earum
539 1292 584 1352 vel
598 1291 755 1370 adiungere
770 1290 826 1352 sibi
839 1290 884 1350 vel
895 1290 1066 1352 interlicere.
1097 1290 1194 1351 sedin
1213 1293 1254 1353 25

136 1376 179 1436 eis
198 1381 261 1436 erat
277 1375 466 1456 Sempronia,
487 1395 561 1455 quae
582 1376 673 1436 multa
692 1394 779 1455 saepe
801 1375 890 1436 virilis
912 1375 1047 1436 audaciae
1067 1375 1197 1437 facinora

52 1507 57 1528 .
135 1460 322 1522 conmiserat.
352 1461 425 1522 haee
439 1461 545 1522 mulier
558 1480 664 1540 genere
678 1468 765 1539 atque
779 1462 889 1532 forma,
905 1467 1055 1539 praeterea
1068 1461 1141 1534 viro,
1158 1461 1193 1522 li-
1214 1471 1230 1520 2

134 1546 214 1606 beris
234 1546 304 1606 salis
323 1547 473 1608 lortunata
487 1547 560 1618 luit3
581 1545 685 1607 litteris
700 1546 817 1606 Graecis
834 1556 864 1606 et
877 1545 986 1608 Latinis
1002 1546 1101 1619 docta,
1117 1547 1195 1625 psal-

134 1631 195 1691 lere
210 1630 315 1692 saltare
330 1631 501 1710 elegantius,
518 1649 607 1711 quam
622 1649 742 1692 necesse
753 1639 799 1693 est
810 1631 927 1710 probae,
940 1631 1033 1692 multa
1044 1631 1107 1705 alia,
1121 1651 1195 1712 quae

84 1733 113 1782 15
135 1717 332 1776 iustrumenta
352 1717 482 1777 luxuriae
501 1724 580 1777 sunt.
610 1717 661 1777 sed
683 1717 709 1777 ei
729 1717 840 1778 cariora
855 1735 973 1800 semper
992 1717 1091 1776 omnia
1105 1730 1229 1796 quamn

135 1802 226 1862 decus
252 1807 340 1878 atque
359 1801 497 1880 pudicitia
510 1801 582 1874 fuit,
604 1802 743 1880 pecuniae
763 1819 800 1862 an
820 1802 915 1862 lamae
934 1801 1033 1862 minus
1051 1809 1193 1886 parceret,
1278 1851 1283 1867 .

135 1887 215 1947 haud
235 1886 318 1946 facile
338 1886 532 1960 discernerem
553 1887 654 1955 lubido
674 1887 717 1948 sic
736 1904 871 1959 accensa,
892 1894 925 1948 ut
946 1886 1060 1966 saepius
1081 1894 1195 1966 peteret

136 1972 214 2032 viros
235 1989 323 2050 quam
345 1980 502 2050 peteretur.
533 1972 584 2032 sed
604 1991 638 2032 ea
658 1991 745 2052 saepe
764 1973 887 2034 antebac
907 1971 996 2032 fidem
1017 1972 1192 2051 prodiderat,
1215 1989 1231 2038 4

136 2056 281 2118 creditum
298 2056 491 2129 abiuraverat,
512 2057 607 2118 caedis
622 2058 738 2119 conscia
751 2057 856 2128 fuerat,
873 2057 986 2118 luxuria
997 2065 1086 2137 etque
1097 2050 1194 2138 iuopia

81 2156 113 2205 20
135 2159 275 2222 praeceps
289 2141 408 2203 abierat.
438 2160 541 2204 verum
560 2143 709 2222 ingenium
731 2143 792 2203 eius
813 2142 890 2206 haud
911 2142 1086 2204 absurdum:
1104 2161 1192 2222 posse
1213 2161 1227 2208 5

135 2243 236 2287 versus
250 2227 355 2299 facere,
372 2227 469 2288 iocum
486 2245 613 2300 movere,
630 2237 768 2289 sermone
783 2227 826 2288 uti
841 2227 886 2288 vel
901 2228 1037 2289 modesto
1052 2229 1097 2288 vel
1111 2229 1192 2290 molli

133 2312 178 2372 vel
192 2312 323 2392 procaci3
340 2331 460 2392 prorsus
475 2313 585 2374 multae
600 2313 720 2375 facetiae
736 2313 904 2392 multusque
918 2314 1001 2394 lepos
1015 2314 1117 2374 inerat.

218 2395 279 2456 His-
295 2397 383 2458 rebus
408 2399 572 2478 conparatis
593 2399 714 2460 Catilina
733 2398 824 2460 nihilo
844 2399 942 2460 minus
963 2399 993 2460 in
1013 2417 1193 2478 proxumum
1213 2379 1254 2465 ed

133 2499 245 2542 annum
260 2485 445 2544 consulatum
461 2484 593 2562 petebat,
613 2502 750 2564 sperans,
771 2485 797 2544 si
812 2484 978 2564 designatus
992 2484 1084 2557 foret,
1107 2484 1191 2546 facile

83 2581 113 2631 25
133 2586 165 2626 se
191 2585 228 2627 ex
247 2568 396 2630 voluntate
417 2569 543 2629 Antonio
565 2588 698 2630 usurum.
734 2587 830 2649 neque
850 2570 960 2630 interea
982 2569 1097 2648 quietus
1117 2577 1189 2643 erat,

131 2653 183 2712 sed
207 2645 345 2713 omnibus
365 2654 461 2716 modis
481 2654 601 2714 insidias
618 2655 738 2733 parabat
753 2654 893 2716 Ciceroni.
925 2672 1020 2732 neque
1034 2654 1076 2714 illi
1090 2661 1191 2716 tamen
1212 2669 1227 2718 2

132 2737 168 2796 ad
192 2738 355 2800 cavendum
380 2738 463 2800 dolus
489 2747 539 2800 aut
557 2740 681 2800 astutiae
701 2739 829 2800 deerant.
866 2757 993 2818 namque
1012 2758 1029 2798 a
1047 2737 1190 2818 principio
1211 2753 1226 2802 t

131 2821 301 2882 consulatus
316 2823 360 2884 sui
376 2824 468 2884 multa
482 2823 648 2902 pollicendo
663 2843 716 2903 per
728 2824 860 2884 Fulviam
875 2825 1018 2895 effecerat,
1036 2831 1069 2884 ut
1083 2824 1118 2896 Q.
1131 2825 1190 2884 Cu·

131 2907 208 2979 rius,
226 2906 262 2967 de
278 2927 337 2987 quo
352 2909 439 2987 paulo
454 2917 522 2970 ante
537 2910 706 2981 memoravi,
723 2909 842 2971 consilia
858 2908 995 2970 Catilinae
1011 2909 1066 2970 sibi
1081 2909 1189 2988 prode·

84 3007 113 3056 30
135 2992 225 3052 deret.
265 2993 302 3052 ad
326 2994 382 3054 boc
409 2993 559 3073 conlegam
581 3013 670 3056 suum
690 2995 850 3056 Antonium
870 2995 1005 3075 pactione
1025 2995 1190 3073 provinciae
1210 3011 1226 3060 l

131 3077 309 3155 perpulerat,
325 3095 363 3138 ne
378 3087 479 3139 eontra
490 3098 552 3140 rem
565 3081 711 3158 publicam
725 3081 861 3153 sentiret3
874 3080 985 3142 circum
1001 3099 1032 3140 se
1047 3081 1189 3160 praesidia

132 3161 295 3222 amicorum
316 3171 403 3242 atque
423 3163 573 3226 clientium
593 3167 706 3226 occulte
728 3165 860 3228 babebat.
890 3173 1046 3245 postquam
1061 3165 1122 3228 dies
1138 3186 1188 3226 co·
1211 3180 1226 3228 5

134 3247 285 3308 mitiorum
304 3248 384 3309 veuit
404 3256 433 3309 et
453 3249 591 3311 Catilinae
612 3269 706 3329 neque
721 3251 822 3331 petitio
842 3269 939 3330 neque
959 3251 1093 3322 insidiae,
1117 3269 1189 3329 quas

135 3331 304 3393 consulibus
319 3333 350 3394 in
362 3352 465 3413 campo
481 3335 604 3409 fecerat,
620 3355 760 3416 prospere
776 3353 897 3408 cessero,
914 3336 1065 3398 coustituit
1079 3335 1189 3396 bellum

141 3471 146 3475 -
153 3471 332 3480 -—-.—..-—...·--

201 3555 233 3604 10
252 3555 299 3605 sibi
319 3570 365 3605 uer
382 3555 406 3604 P
417 3551 427 3622 Η
443 3553 472 3604 12
490 3556 545 3607 uiro
564 3557 650 3608 liberis
674 3557 704 3620 Ο,
722 3557 820 3608 Fronto
831 3555 868 3605 ad
882 3557 1005 3605 Antonin.
1022 3556 1050 3621 2,
1068 3555 1086 3606 6
1099 3571 1126 3622 p.
1139 3555 1190 3606 164

131 3623 213 3672 Ama.
221 3639 248 3690 p.
256 3621 316 3688 230,
328 3623 384 3673 uiro
393 3631 468 3690 utque
479 3624 567 3675 liberis
580 3626 599 3688 (l
608 3625 676 3676 beris
686 3625 717 3689 P)
729 3625 778 3689 ΡΟ,
787 3625 870 3674 Prisc.
883 3623 929 3674 vol.
942 3623 972 3674 II
978 3640 1005 3690 p.
1014 3623 1066 3674 2e6
1077 3622 1087 3690 fl
1103 3624 1132 3673 13
1142 3621 1190 3674 luit

132 3705 181 3740 om.
193 3691 292 3741 Fronto
305 3694 315 3758 1
328 3691 437 3756 psallere
454 3692 549 3742 sultare
572 3693 602 3759 Ο,
618 3694 730 3744 Macrob.
745 3692 801 3744 Sat.
813 3693 843 3758 3,
856 3693 889 3742 14
901 3693 943 3758 (2,
958 3691 1020 3757 10),
1032 3692 1062 3754 6,
1079 3692 1189 3758 psallere

132 3765 157 3808 et
169 3760 266 3810 saltare
279 3761 327 3822 (sal
339 3762 473 3826 1ηναε.ρ)
487 3760 541 3827 ΡΟ,
554 3761 661 3827 Eutped.
678 3780 704 3829 p.
722 3761 773 3812 186
785 3760 806 3812 t
830 3761 840 3827 i
868 3763 897 3811 15
910 3761 1076 3810 instrumento
1090 3762 1113 3810 P
1129 3759 1138 3824 i
1158 3761 1188 3810 ll

131 3826 209 3876 libido
227 3827 279 3892 ΡΟ,
291 3827 392 3878 libidine
403 3827 429 3891 Ο,
442 3827 544 3879 libidine
554 3830 686 3898 figuratep
703 3835 730 3882 in
742 3845 826 3896 marg.
841 3829 850 3896 i
863 3829 884 3880 ιί
898 3844 1004 3880 accensa
1018 3830 1042 3878 P
1053 3829 1062 3894 i
1079 3828 1188 3878 19011111-

131 3903 235 3946 ruueret
245 3895 289 3962 Pl
304 3896 335 3945 ru
348 3917 360 3944 a
373 3911 477 3961 praeces
490 3898 520 3962 P,
530 3911 677 3966 praecepsp
695 3896 706 3967 Ι
722 3899 755 3950 22
768 3899 859 3948 multus
873 3897 943 3964 lepos
956 3899 979 3950 P
990 3897 1000 3964 ΙΙ
1013 3897 1043 3947 21
1057 3896 1187 3946 ustitutiae

132 3961 155 4010 P
189 3961 221 4082 109
231 3963 373 4014 cansilinP
384 3962 394 4032 i
406 3964 439 4014 31
449 3966 594 4050 conpulibus
603 3967 653 4034 PC,
663 3969 762 4018 consuli
774 3967 799 4030 Ο,
808 3965 856 4016 del.
865 3965 969 4017 Bietaob
982 3964 992 4034 1
1005 3965 1030 4014 in
1040 3979 1125 4030 eampo
1135 3963 1186 4025 ΡΟ,

134 4045 183 4080 orn.
219 4071 223 4078 .
370 4077 373 4082 .
