2846 4682
330 1330 366 1386 f
374 1307 418 1424 ἵ
466 1331 496 1392 c.
515 1318 697 1393 smnusr'r
720 1331 842 1394 cnrsrr
883 1272 1011 1393 affl

283 1497 353 1570 uu
403 1450 594 1568 nscio
646 1495 1025 1571 ruounrurno

606 1678 710 1732 LlBEll.
726 1720 729 1726 .

209 1845 299 1924 Falso
315 1853 451 1939 queritur
465 1861 500 1922 dc
516 1867 621 1922 natura
635 1877 688 1922 sua
702 1877 793 1938 genus
808 1861 989 1934 humanum,
1006 1859 1086 1940 quod
1101 1857 1184 1928 inbe-
1209 1863 1226 1922 1

125 1946 189 2008 oilla
209 1953 298 2026 atque
319 1945 381 2007 aevi
401 1945 498 2006 brevis
518 1945 595 2006 forte
617 1944 715 2024 potius
732 1964 821 2024 quam
836 1945 944 2006 virtute
958 1951 1085 2023 regatur.
1116 1961 1186 2004 uam
1209 1953 1225 2002 2
1260 1946 1261 1951 ’

126 2039 228 2092 contra
251 2027 414 2110 reputando
438 2047 534 2108 neque
555 2029 650 2090 maius
670 2029 748 2090 aliud
767 2047 863 2108 neque
881 2029 1084 2108 praestabilius
1105 2028 1187 2088 inve-

125 2117 190 2177 nias
220 2115 372 2194 magisque
403 2121 525 2176 naturae
551 2113 726 2176 industriam
753 2114 910 2175 hominum
934 2133 1024 2194 quam
1050 2113 1109 2174 vim
1137 2121 1187 2174 aut

89 2211 104 2260 t
126 2209 246 2280 ternpus
268 2201 381 2260 deesse.
410 2199 463 2260 sed
483 2199 542 2260 dur
562 2206 650 2278 atquc
671 2199 832 2278 imperator
847 2199 923 2260 vitae
938 2197 1108 2268 mortalium
1123 2197 1186 2258 ani·
1209 2207 1223 2257 3

126 2305 195 2346 mus
209 2292 265 2347 cst.
298 2284 347 2362 qui
362 2284 413 2345 ubi
427 2283 463 2344 ad
479 2283 601 2362 gloriam
616 2280 731 2346 virtutis
747 2284 791 2346 via
806 2291 967 2363 grassatur,
992 2283 1108 2358 abunde
1122 2283 1187 2361 pol·
1226 2279 1235 2355 f
1271 2322 1275 2332 ι

126 2371 188 2430 lens
208 2377 374 2448 potensque
395 2376 425 2428 et
447 2368 541 2429 clarus
556 2375 602 2429 est
617 2385 713 2448 neque
727 2368 847 2430 tortum
862 2376 941 2448 eget,
965 2368 1073 2448 quippe
1087 2367 1187 2446 probi-

125 2461 219 2522 tatem
240 2453 412 2514 industriam
433 2453 560 2532 aliasque
576 2452 647 2514 artis
661 2453 753 2514 bonas
768 2471 864 2532 neque
880 2454 949 2514 dare
963 2471 1060 2531 neque
1075 2452 1188 2530 eripere
1222 2510 1226 2519 ,

127 2539 265 2618 cuiquam
280 2545 388 2616 potest.
414 2537 459 2598 sin
477 2544 579 2616 captus
590 2537 687 2618 pravis
700 2537 885 2616 cupidinibus
896 2537 932 2597 ad
944 2537 1080 2597 inertiam
1092 2543 1122 2596 et
1133 2555 1186 2606 vos
1209 2545 1224 2592 4

75 2630 106 2680 10
127 2624 255 2703 luptates
269 2623 399 2702 eorporis
414 2641 535 2702 pessum
551 2617 704 2694 datusfest
719 2621 882 2702 perniciosa
897 2621 1026 2682 lubidine
1042 2619 1191 2700 paulisper,

125 2727 208 2780 usus,
224 2707 275 2768 ubi
289 2725 343 2786 per
357 2707 523 2768 socordiam
538 2707 613 2768 vires
627 2713 746 2785 tempus
761 2705 911 2786 ingenium
925 2704 1086 2776 diffluxere,
1099 2711 1187 2764 natu-

125 2812 175 2854 rae
196 2792 352 2852 iufirmitas
370 2799 538 2854 accusatur:
560 2809 645 2852 suam
661 2791 785 2868 quisquc
802 2790 917 2868 culpam
932 2796 1067 2850 auctores
1082 2789 1118 2850 ad
1133 2805 1186 2848 ne-

126 2877 205 2958 gotia
219 2877 411 2938 transferunt.
442 2875 546 2955 quodsi
560 2874 730 2936 homiuibus
746 2874 891 2936 bonamm
906 2889 1007 2938 rerum
1022 2881 1103 2934 tauta
1118 2891 1187 2934 cura
1209 2883 1224 2931 5

128 2969 220 3033 esset,
242 2968 353 3040 quanto
376 2961 475 3022 studio
497 2961 589 3022 aliena
610 2977 643 3022 ac
662 2959 735 3020 nihil
755 2959 910 3040 profutura
931 2959 1083 3042 multaque
1096 2957 1187 3027 ctiam

78 3056 108 3104 15
128 3047 291 3126 periculosa
307 3051 426 3124 petunt,
447 3063 542 3124 neque
556 3051 729 3122 regerentur
742 3044 835 3124 magis
851 3063 939 3122 quam
954 3051 1090 3122 regerent
1105 3061 1188 3104 casus
1223 3065 1226 3072 ·

128 3139 158 3192 et
172 3151 208 3192 co
223 3129 434 3210 magnitudinis
448 3129 649 3209 procederent,
666 3127 718 3190 ubi
728 3147 782 3208 pro
793 3129 966 3190 mortalibus
976 3127 1067 3208 gloria
1077 3127 1188 3188 aeterni

129 3217 242 3276 tierent.
284 3233 354 3276 nam
378 3215 423 3276 uti
448 3232 540 3294 genus
569 3214 725 3274 hominum
750 3213 934 3292 conpositum
961 3233 996 3274 ex
1017 3230 1139 3290 corporo
1160 3216 1230 3274 ct2

129 3300 227 3360 anima
248 3307 307 3372 est,
330 3299 371 3359 ita
389 3317 437 3360 res
452 3305 574 3360 cunctae
588 3297 743 3377 studiaque
758 3297 858 3358 omnia
872 3305 973 3358 nostra
988 3297 1123 3374 corporis
1134 3295 1188 3356 alia
1225 3293 1227 3298 ’

130 3385 183 3446 alia
198 3383 290 3445 animi
304 3391 440 3450 naturam
454 3391 603 3444 secuntur.
627 3381 715 3462 igitur
729 3384 876 3460 praeclara
890 3381 988 3451 facies,
1004 3397 1126 3458 magnae
1141 3379 1190 3445 di-,
1210 3393 1225 3441 2

78 3475 111 3524 to
130 3469 229 3540 vitiae,
246 3469 283 3530 ad
297 3469 355 3528 hoc
368 3469 411 3530 vis
427 3469 557 3548 corporis
573 3475 602 3547 et
617 3469 672 3530 alia
687 3466 786 3528 omnia
800 3464 1005 3526 huiuscemodi
1019 3463 1100 3524 brevi
1114 3464 1186 3525 dila-

133 3639 334 3648 ...u-...m-

198 3737 213 3784 't
233 3735 321 3802 quippe
337 3735 387 3800 PC,
404 3737 493 3801 quippe
510 3749 571 3801 quae
590 3732 635 3802 Cll
654 3733 685 3784 1o
703 3733 852 3799 perneciosae
868 3749 903 3782 ecc
914 3733 1055 3798 peruiciosa
1067 3733 1117 3796 (otc
1133 3747 1190 3782 sac·

130 3805 199 3870 pus)
212 3805 236 3854 P
247 3800 257 3870 l
272 3805 303 3852 12
321 3803 425 3868 quisque
437 3805 463 3866 C,
475 3803 565 3872 quique
575 3803 639 3870 PCl
652 3809 771 3852 auctores
782 3801 808 3862 C,
820 3807 921 3851 actores
935 3799 999 3864 Pol
1017 3801 1045 3848 14
1054 3799 1190 3866 “multaque

132 3871 183 3934 PC,
194 3871 349 3936 multumque
363 3869 706 3936 CAegoctinucEpdct.153‚
718 3871 753 3918 22
765 3868 774 3936 fl
790 3870 820 3918 15
832 3869 974 3935 periculosa
985 3865 1037 3932 PC,
1049 3868 1190 3933 perniciose

134 3955 199 3988 unua
211 3953 247 3988 erc
258 3955 281 4003 z,
294 3937 435 4020 periculosa
447 3955 477 3989 ae
488 3937 630 4018 perniciosa
641 3939 808 4016 Augustinus
818 3936 834 3986 Ι.
845 3952 866 3986 c.
880 3935 890 4002 ll
905 3937 934 3986 li
947 3936 1073 4014 bominum
1083 3934 1133 3997 Pe,
1145 3933 1191 4012 lm:

134 4001 908 4152 tt?ttttttttttlittttttttttrtttttttlll
926 4013 1008 4053 ⁰¹⁰⁰¹²
1019 4001 1191 4144 ¹¹f¹¹⁰⁵⁰=⁰¹¹l⁰⁶¹

1190 1163 1193 1170 ι

1225 1397 1230 1406 ι

1246 1517 1266 1528 ,ι
1409 1517 1410 1524 t

1249 1525 1300 1574 «ἱ,
1332 1263 1410 1564 1

1251 1572 1301 1604 Α..)
1403 1587 1410 1602 A

1409 1631 1410 1638 t

1225 1671 1228 1680 c
