2854 4678
216 361 276 422 102
581 354 609 405 C.
623 353 784 411 SALLUSTI
802 352 904 405 CRISPI

175 530 192 580 e
213 510 443 574 munificentiam
454 509 485 568 in
495 527 560 568 sese
569 509 698 572 amicum
708 509 773 572 rati.
795 525 865 570 nam
877 507 966 569 etiarn
976 514 1042 569 tum
1052 507 1165 586 largitio
1174 507 1276 569 multis

213 597 312 676 ignota
327 601 402 666 erat,
424 593 580 654 munificus
594 609 683 654 nemo
698 592 856 677 putabatur
870 592 926 652 nisi
940 593 1050 671 pariter
1063 593 1180 666 volens,
1195 593 1275 654 dena

176 696 191 746 ἰ
213 681 312 741 omnia
326 681 357 740 in
371 678 549 758 benignitate
562 677 755 740 habebantur.
784 676 873 755 igitur
885 676 1033 756 quaestori
1047 677 1184 738 mandata
1198 677 1277 738 Roo-

213 765 261 824 ebi
280 765 471 844 patefaciunt:
488 761 577 824 simul
596 761 632 822 ab
653 781 688 824 eo
703 768 808 842 petunt
822 761 866 821 uti
879 761 979 822 fautor
993 761 1203 842 consultorque
1218 761 1276 823 sibi

212 848 298 920 adsit,
313 849 410 927 copias
425 847 513 908 fidem
528 846 760 926 magnitudinem
775 846 852 924 regis
867 846 914 906 sui
924 854 954 906 et
965 846 1028 919 alia,
1044 864 1119 924 quae
1131 853 1182 907 aut
1192 846 1275 906 utilia
1296 862 1313 909 5

213 939 263 992 aut
282 932 493 994 benivolentiae
507 949 571 992 esse
585 931 758 1002 credebant,
780 931 913 991 oratione
927 930 1079 1012 extollunt.
1109 930 1178 991 dein
1193 931 1275 991 Sulla

213 1016 312 1076 omnia
322 1016 450 1096 pollicito
463 1015 550 1088 docti,
562 1033 622 1094 quo
633 1015 723 1076 modo
736 1015 813 1094 apud
825 1015 958 1088 Marium,
970 1015 1041 1076 item
1052 1015 1130 1093 apud
1138 1021 1275 1099 senatum

212 1101 300 1162 verba
314 1101 452 1170 facerent,
469 1099 584 1160 circiter
598 1099 660 1160 dies
675 1099 869 1178 quadraginta
879 1099 987 1159 ibidem
1003 1099 1205 1178 opperiuntur.
1300 1113 1306 1120 ·

144 1175 206 1236 1-04
299 1183 407 1244 Marius
426 1183 477 1244 ubi
492 1181 601 1244 inlecto
621 1201 681 1261 quo
700 1183 864 1244 intenderat
883 1184 1000 1262 negotio
1015 1183 1124 1243 Cirtam
1144 1183 1231 1244 rediit
1245 1192 1276 1244 et

214 1269 250 1328 de
271 1269 397 1328 adventu
416 1267 579 1345 legatomm
597 1267 705 1327 certior
724 1267 819 1330 factus
840 1273 898 1338 est,
922 1267 1046 1346 illosque
1065 1273 1096 1327 et
1111 1267 1223 1330 Sullam
1238 1268 1274 1329 ab
1298 1281 1334 1332 10

214 1351 298 1412 Utica
311 1352 410 1412 venire
425 1351 519 1421 iubet,
535 1351 607 1411 item
622 1351 654 1410 L.
670 1350 831 1412 Bellienum
847 1357 1024 1430 praetorem,
1041 1359 1192 1430 praetcrea
1206 1369 1275 1412 om-

213 1435 259 1496 nis
270 1436 401 1514 undiquc
412 1434 550 1496 senatorii
561 1435 682 1508 ordinis,
694 1435 871 1514 quibuscum
882 1435 1019 1496 mandata
1029 1435 1137 1496 Bocchi
1148 1453 1276 1515 cognos-

176 1521 191 1571 2
214 1519 262 1580 cit.
293 1520 393 1598 legatis
405 1525 534 1598 potestas
546 1519 672 1580 Romam
687 1518 776 1579 eundi
787 1519 820 1578 fit
831 1519 866 1579 ab
878 1520 1007 1591 consule,
1023 1519 1135 1580 interea
1145 1521 1276 1582 indutiae

212 1604 444 1683 postulabantur.
471 1621 505 1664 ea
520 1603 617 1665 Sullae
628 1611 658 1664 et
669 1603 817 1682 plerisque
828 1604 971 1682 placuere,
983 1603 1068 1683 pauci
1078 1604 1207 1666 ferocius
1221 1605 1277 1665 de·

213 1695 347 1760 cernunt,
365 1687 474 1749 seilicet
486 1687 580 1766 ignari
594 1705 695 1748 reram
709 1687 916 1760 humanarum,
934 1705 1008 1767 quae
1022 1689 1117 1750 fluxae
1131 1695 1161 1748 et
1174 1689 1274 1749 mobi-
1298 1699 1330 1749 15

177 1775 192 1824 3
213 1772 256 1833 les
271 1791 390 1852 semper
404 1773 435 1834 in
450 1773 572 1833 advorsa
585 1777 748 1832 mutantur.
777 1778 908 1832 cetemm
922 1771 1015 1833 llauri
1028 1772 1192 1853 impetratis
1207 1791 1275 1833 om-

213 1857 301 1919 nibus
321 1864 381 1918 tres
396 1858 521 1918 Romam
536 1856 660 1935 profecti
675 1875 744 1918 cum
758 1857 810 1917 Cn.
827 1855 946 1918 Octavio
961 1857 1096 1930 Rusone,
1117 1857 1168 1936 qui
1183 1873 1275 1936 quac-

215 1948 279 2002 stor
298 1941 477 2021 stipendium
496 1941 527 2000 in
541 1940 667 2002 Africam
687 1947 869 2020 portaverat,
890 1941 949 2001 duo
964 1942 1001 2002 ad
1020 1959 1120 2021 regem
1140 1942 1275 2002 redeunt.

215 2037 250 2086 ex
263 2026 304 2088 eis
316 2026 449 2087 bocchus
465 2043 534 2086 cum
546 2032 642 2086 cetera
655 2031 721 2085 tum
732 2043 871 2087 maxume
881 2025 1093 2105 benignitatem
1100 2033 1130 2086 et
1143 2025 1275 2088 studium

176 2110 194 2160 4
216 2109 313 2170 Sullae
327 2110 430 2172 lubens
446 2109 565 2188 aceepit.
594 2110 705 2170 Romae
720 2109 821 2189 legatis
836 2110 909 2183 eius,
924 2117 1083 2190 postquam
1098 2129 1210 2172 errasse
1224 2129 1275 2172 re-
1296 2124 1332 2175 20

214 2209 281 2272 gem
292 2201 321 2253 et
331 2195 487 2273 Iugurthae
501 2194 610 2254 scelere
621 2193 735 2272 lapsum
747 2194 894 2272 deprecmi
904 2202 983 2266 sunt,
999 2195 1157 2256 amicitiam
1168 2196 1275 2257 11111-

177 2279 193 2327 5
216 2277 270 2338 dus
284 2277 452 2356 petentibus
463 2279 521 2338 boe
532 2277 621 2337 modo
633 2278 829 2357 respondetur
839 2271 972 2340 ‘senatus
984 2287 1013 2340 et
1024 2281 1150 2360 populus
1160 2280 1273 2342 Roma-

212 2377 270 2422 nus
284 2361 399 2422 benifiei
413 2368 443 2421 et
456 2361 578 2422 iniuriae
592 2379 709 2422 memor
723 2379 787 2422 esse
801 2363 886 2423 solet.
912 2371 1043 2426 ceterum
1055 2365 1180 2437 Boccho,
1195 2383 1273 2445 quo·

212 2445 292 2506 niam
307 2446 451 2524 poenitet,
466 2445 563 2506 delicti
576 2445 699 2524 gratiam
712 2447 797 2507 iacit:
812 2447 917 2509 foedus
932 2456 961 2510 et
975 2448 1101 2510 amicitia
1115 2448 1274 2522 dabuntrrr,

214 2547 282 2590 cnm
296 2521 456 2591 meruerit.³
1296 2544 1330 2595 25
1421 2531 1422 2612 ζ

144 2606 207 2666 105
230 2609 232 2612 ’
300 2614 372 2686 Quis
394 2614 483 2676 rebus
502 2613 626 2694 cognitis
646 2613 780 2675 Bocebns
799 2633 853 2694 per
871 2614 981 2677 litteras
997 2635 1013 2677 a
1027 2616 1117 2677 llario
1129 2617 1274 2696 petiverat

214 2697 257 2758 uti
273 2699 384 2760 Sullam
400 2700 435 2760 ad
450 2719 482 2760 se
497 2698 634 2771 mitteret,
648 2699 734 2760 cuins
749 2698 892 2761 arbitratu
907 2701 943 2760 de
958 2700 1165 2762 communibus
1178 2719 1273 2780 nego·

284 2920 296 2968 l
316 2919 367 2970 rati
375 2926 433 2969 sunt
445 2933 459 2968 υ
471 2915 481 2984 ss
495 2919 509 2967 2
528 2919 615 2984 ignota
626 2935 663 2982 oz,
676 2917 776 2971 Nonas
785 2935 811 2987 p.
823 2917 868 2982 23,
880 2919 996 2983 ignorata
1006 2935 1055 2983 nez,
1067 2921 1156 2982 ignara
1169 2919 1273 2974 Cortice

213 2983 261 3052 1111
275 3023 281 3034 .
294 3023 301 3034 .
315 3023 339 3034 ..
356 2985 486 3035 munificus
502 2988 639 3050 putabatur
656 2989 719 3049 l-at
736 3001 807 3037 nemo
843 2989 926 3037 erere
942 2989 969 3036 ie
984 2986 1126 3049 dammim
1143 2985 1191 3054 lini
1202 3003 1229 3038 m
1239 2985 1273 3054 114

214 3051 279 3102 assit
289 3053 371 3102 sibim
383 3050 392 3118 d
407 3051 479 3101 blida
490 3068 517 3101 m
529 3051 539 3120 11
552 3053 568 3102 6
578 3053 761 3104 beniuolentiae
769 3003 998 3116 mz,deniuolentia
1007 3070 1035 3104 oz
1047 3053 1057 3122 d
1070 3055 1271 3122 9111111111-

214 3133 287 3184 qnam
298 3134 327 3168 aa
339 3116 349 3186 d
362 3117 516 3180 infectores,
529 3119 642 3171 coniecto
654 3136 683 3170 oz
700 3119 709 3186 ΙΙ
727 3137 774 3187 quo
786 3122 932 3172 intenderat
944 3123 1042 3186 negotio
1055 3137 1096 3186 oz,
1114 3123 1179 3188 quod
1191 3123 1274 3174 inten-

213 3185 287 3237 derat
299 3186 400 3249 negotio
411 3201 433 3249 z,
444 3187 544 3250 negotio
557 3189 621 3252 quod
633 3189 774 3238 intenderat
785 3205 813 3238 m
825 3186 835 3256 d
848 3189 927 3240 rediit
938 3197 964 3239 et
975 3218 993 3226 -
1004 3189 1084 3240 iaetus
1097 3197 1136 3239 est
1144 3205 1209 3252 mos,
1218 3199 1245 3241 et
1256 3219 1274 3228 -

213 3261 255 3304 cst
265 3269 315 3304 ern.
327 3271 341 3304 z
354 3251 364 3321 l
380 3254 410 3302 10
428 3253 459 3302 ab
471 3253 540 3304 utica
552 3270 588 3316 oz,
601 3255 632 3304 ad
644 3256 737 3306 utinam
749 3272 785 3318 m,
797 3257 828 3306 ab
841 3263 916 3306 tucca
927 3273 963 3306 ecc
973 3274 988 3307 z
997 3259 1085 3322 pauci,
1098 3256 1166 3322 quod
1174 3257 1274 3323 placed

215 3320 306 3372 Orellie
320 3318 329 3388 ΙΙ
344 3322 372 3372 11
385 3322 402 3371 1.
417 3321 549 3372 bellicnum
562 3322 617 3386 (cel
623 3323 757 3387 belienum)
770 3339 794 3387 z,
803 3325 821 3374 l.
831 3324 962 3374 bebienum
972 3323 1022 3386 (bie
1031 3327 1057 3374 in
1067 3340 1119 3374 ras.
1128 3341 1207 3376 mana
1216 3325 1272 3390 alt.)

213 3404 236 3452 v,
247 3388 265 3438 l.
275 3389 425 3454 belligenum
433 3405 475 3438 mz
487 3387 497 3456 d
508 3394 567 3456 poet
575 3397 718 3458 praetorem
727 3406 757 3444 oz
766 3393 885 3442 memet
893 3391 971 3454 utica,
980 3394 1102 3442 omittunt
1110 3407 1151 3441 ms
1163 3391 1173 3460 d
1188 3391 1219 3442 tr
1229 3409 1273 3443 eo-

213 3457 313 3521 gnoson
326 3457 455 3522 (cognouit
466 3462 501 3522 m)
511 3459 536 3507 in
549 3459 637 3524 quibus
648 3459 739 3523 legatis
750 3474 814 3522 mos,
826 3459 874 3508 aed
884 3459 909 3508 in
921 3459 1009 3524 quibas
1022 3475 1069 3509 om¹
1080 3463 1136 3509 tres
1145 3475 1203 3510 arez
1215 3459 1225 3527 l
1241 3461 1271 3510 13

229 3531 326 3576 ctesias
339 3540 432 3575 romam
444 3526 519 3574 eundi
535 3541 575 3589 oz,
592 3527 667 3576 eundi
683 3534 797 3593 potestas
815 3541 910 3577 romam
921 3542 962 3575 mz
979 3525 988 3592 ΙΙ
1001 3527 1033 3576 tit
1045 3541 1059 3576 a
1071 3543 1093 3589 z,
1107 3527 1135 3577 lit
1147 3529 1223 3592 (corr.
1236 3544 1273 3578 ecc

212 3540 262 3642 dm
274 3594 304 3658 o)
317 3600 343 3642 et
355 3608 368 3642 a
381 3607 437 3642 orez
449 3589 459 3660 ΙΙ
473 3593 504 3642 15
522 3607 607 3644 rerum
618 3595 781 3644 humanarum
790 3610 845 3656 ms,
861 3595 1024 3644 humanarum
1035 3609 1119 3644 rerum
1130 3611 1160 3645 oz
1176 3592 1186 3663 d
1205 3593 1272 3646 1611

214 3659 321 3710 aduersa
334 3675 432 3726 semper
443 3675 470 3709 m
482 3657 492 3728 ΙΙ
505 3662 618 3711 omnibns
630 3669 685 3712 tres
697 3677 747 3724 ma,
760 3661 873 3712 omnibus
887 3662 962 3712 rebus
974 3669 1029 3712 tres
1047 3661 1099 3729 eal
1115 3663 1144 3712 ll
1163 3661 1271 3729 profecti

214 3740 271 3840 ξιξ
281 3743 304 3790 z,
316 3725 426 3826 proiecti
439 3735 564 3844 annaeum
575 3745 626 3792 ms,
638 3727 822 3847 profectidpce
835 3727 870 3845 vd
883 3745 924 3847 gp.
934 3731 1039 3849 fficio
1053 3730 1213 3849 (ffi'ffflffl
1226 3747 1271 3847 spo

214 3809 355 3926 aecipiendi
365 3809 485 3920 dlozdduduz?
496 3809 898 3938 rofflddsddss'nqddaegsdedd
908 3881 937 3914 m
949 3862 958 3933 d
972 3813 1140 3936 23mbsc’cebndn
1152 3797 1271 3931 optidum

213 3927 326 4041 poenitet
337 3926 431 3976 delicta
443 3928 540 3990 gratiae
552 3928 614 3980 lacit
625 3932 707 3981 Arae.
717 3947 744 3998 p.
757 3930 820 3980 2332
832 3947 896 3981 num
908 3931 1031 3983 Bocchum
1043 3933 1157 4000 quonian
1173 3949 1197 3998 p.
1209 3933 1232 3983 d.
1246 3949 1270 3996 g.

225 4029 231 4041 .
244 3997 256 4042 1
269 3991 279 4060 d
292 3993 324 4043 26
337 3993 391 4060 quis
403 4009 440 4057 oz,
458 3995 546 4061 quibus
557 4013 599 4047 mz
611 3995 621 4064 fl
633 3999 741 4048 boeclrus
754 3998 888 4061 comitisa
904 3999 1052 4068 sspetinerat
1063 4015 1116 4063 ma,
1132 3999 1225 4066 petiuit
1240 4015 1272 4050 oz

213 4056 263 4124 1127
282 4068 311 4110 at
323 4063 354 4111 ad
367 4077 395 4112 se
406 4063 519 4114 mitteret
531 4063 615 4116 sillam
625 4083 652 4116 m
664 4063 674 4133 l
687 4067 718 4116 de
726 4069 851 4134 pauciore
862 4083 885 4132 z,
899 4083 948 4119 orn.
959 4084 1016 4119 mus
