2854 4678
478 370 521 419 ull
538 369 644 420 sunto
661 368 867 421 IUGURTlllNO
1156 372 1197 433 93

135 523 262 603 amplius
278 525 371 584 duum
386 523 500 585 milium
515 523 679 595 intervallo,
701 525 798 604 ibique
814 543 903 603 quam
919 524 1126 586 occultissume
1141 545 1195 604 po·

134 615 284 669 testeum
309 608 446 668 omuibus
467 609 558 688 copiis
579 608 738 687 opperitur.
768 609 819 669 sed
839 609 889 669 ubi
904 609 965 670 dies
980 610 1075 688 coepit
1090 617 1119 670 et
1134 609 1195 670 Nu·
1218 619 1234 669 4

137 693 233 753 midae
248 691 321 752 nihil
335 693 442 754 hostile
456 699 622 754 metuentes
637 693 722 753 multi
737 693 844 772 oppido
862 694 979 772 egressi,
995 701 1115 774 repente
1131 713 1197 755 om-

138 795 207 836 nem
227 777 393 856 equitatum
413 785 531 838 etcum
551 777 593 837 eis
613 777 821 838 velocissumos
840 778 952 856 pedites
973 797 1060 839 cursu
1075 779 1196 839 tendere

99 873 115 920 5
139 863 175 922 ad
190 863 315 940 Capsam
336 869 366 922 et
385 870 484 940 portas
505 861 638 922 obsidere
657 862 748 922 iubet.
779 862 883 932 deinde
903 863 964 940 ipsc
980 863 1110 938 intentus
1125 882 1196 942 pro-

137 964 207 1025 pere
219 946 304 1024 sequi
316 963 411 1025 neque
424 946 531 1006 milites
542 945 674 1024 praedari
683 947 787 1008 sinere.
806 965 880 1026 quae
891 954 1048 1026 postquam
1060 948 1197 1026 oppidani
1219 964 1233 1010 5

138 1048 309 1108 cognovere,
325 1050 372 1090 res
388 1032 517 1110 trepidae
533 1038 630 1091 metus
645 1031 747 1110 ingens
762 1033 871 1092 malum
890 1032 1079 1110 inprovisum,
1093 1033 1197 1093 adhoc

137 1133 205 1194 pars
226 1115 333 1174 civium
352 1122 433 1175 extra
454 1115 570 1176 moenia
590 1116 620 1178 in
635 1115 766 1174 hostium
781 1123 926 1194 potestate
946 1134 1064 1194 coegere
1085 1117 1128 1176 uti
1143 1117 1196 1176 de-

137 1199 282 1259 ditionem
301 1200 440 1260 facerent.
476 1207 608 1260 ceterum
629 1201 769 1278 oppidum
789 1201 958 1272 incensum,
977 1201 1119 1261 Numidae
1139 1220 1196 1280 pu·
1218 1217 1234 1265 6

84 1292 116 1340 10
138 1283 222 1344 heres
237 1285 391 1355 interlecti,
409 1285 455 1344 alii
470 1303 574 1344 onmes
588 1285 754 1355 venundati,
770 1286 877 1364 praeda
893 1285 1032 1346 militibus
1047 1285 1144 1345 divisa.
1169 1286 1197 1344 id
1219 1299 1233 1346 t

137 1368 251 1428 facinus
272 1375 373 1429 contra
392 1369 437 1428 ius
456 1369 523 1428 belli
543 1386 604 1429 non
624 1369 741 1429 avaritia
761 1387 857 1447 neque
878 1371 986 1428 scelere
1003 1371 1129 1430 consulis
1145 1371 1197 1429 ad-

138 1453 278 1523 missum,
295 1454 347 1513 sed
362 1453 429 1532 quia
444 1454 525 1513 locus
540 1453 695 1531 Iugurthae
712 1462 909 1532 opportunus,
926 1454 1010 1513 uobis
1026 1455 1105 1514 aditu
1120 1454 1198 1514 diffi-

138 1536 208 1608 cilis,
225 1554 316 1616 genus
331 1538 487 1598 homiuum
501 1537 609 1598 mobile
624 1537 756 1609 inlidum,
769 1545 837 1598 ante
848 1556 944 1616 neque
956 1537 1089 1599 benificio
1101 1557 1197 1617 neque

139 1628 222 1681 metu
238 1622 407 1682 coercitum.
887 1693 888 1696 Ἴ

85 1711 116 1760 15
224 1706 384 1784 Postquam
400 1714 513 1766 tantam
527 1725 591 1766 rem
607 1705 713 1766 Marius
728 1707 790 1766 sine
802 1706 861 1766 ullo
873 1725 995 1766 suorum
1007 1707 1195 1767 incommodo
1218 1709 1259 1769 92

220 1807 344 1868 magnus
364 1798 394 1851 et
415 1790 508 1852 clarus
530 1798 614 1852 antea
638 1792 731 1851 maior
750 1797 836 1869 atque
858 1791 960 1850 clarior
974 1791 1074 1851 baberi
1091 1791 1196 1870 eoepit.

140 1874 238 1934 omnia
258 1891 318 1934 uon
337 1875 411 1936 bene
433 1875 565 1935 consulta
581 1876 611 1934 in
627 1876 765 1934 virtutem
780 1875 985 1946 trahebantur,
1008 1875 1114 1936 milites
1130 1895 1196 1935 mo·
1219 1887 1233 1934 2

140 1958 223 2018 desto
241 1959 365 2037 imperio
381 1959 472 2020 habiti
486 1959 575 2020 simul
589 1966 619 2018 et
634 1960 793 2038 locupletes
809 1960 845 2018 ad
860 1961 973 2020 caelum
988 1961 1074 2030 ferre,
1091 1960 1196 2020 Numi-

140 2042 192 2102 dae
208 2043 300 2121 magis
314 2063 405 2122 quam
429 2044 585 2104 mortalem
609 2044 729 2116 timere,
754 2051 904 2122 postremo
924 2062 1040 2115 omncs,
1062 2044 1132 2104 socii
1151 2053 1197 2104 at-

86 2135 119 2185 20
141 2146 197 2204 que
218 2127 333 2198 hostes,
355 2129 472 2188 credere
493 2129 532 2188 illi
553 2136 603 2188 aut
622 2135 754 2188 mentem
774 2128 900 2188 divinam
920 2148 984 2188 esse
1004 2135 1054 2189 aut
1074 2130 1197 2188 deorum

140 2219 215 2271 nutu
230 2218 335 2272 cuncta
349 2213 494 2291 portendi.
518 2213 569 2272 sed
581 2214 695 2282 consul,
711 2213 761 2272 ubi
776 2232 809 2272 ca
824 2233 871 2272 res
886 2213 960 2272 bene
976 2214 1081 2286 evenit,
1098 2214 1133 2272 ad
1145 2213 1197 2273 alia
1220 2223 1233 2271 3
1323 2263 1326 2270 ,

142 2295 249 2374 oppida
270 2297 377 2374 pergit,
401 2317 492 2376 pauca
514 2297 744 2376 repugnantibus
763 2297 897 2358 Numidis
918 2297 1011 2377 capit‚'
1036 2299 1119 2377 plura

140 2387 263 2459 propter
277 2381 468 2460 Capsensium
484 2382 616 2442 miserias
631 2381 690 2460 igni
707 2382 889 2461 conrumpit:
912 2383 992 2442 luctu
1007 2390 1095 2462 atque
1110 2383 1197 2443 caede

142 2464 240 2525 omnia
266 2466 449 2543 conplentur.
484 2467 609 2544 denique
635 2467 735 2526 multis
763 2467 834 2526 locis
859 2467 970 2544 potitus
998 2485 1031 2526 ac
1050 2468 1195 2545 plerisque
1219 2480 1234 2528 4

89 2558 121 2606 25
140 2549 270 2610 exercitu
289 2549 458 2621 incruento,
480 2551 566 2610 aliam
587 2569 651 2610 rem
667 2550 834 2629 aggreditur
847 2567 908 2610 non
923 2551 1025 2612 eadem
1040 2551 1197 2628 asperitate

142 2651 198 2714 qua
215 2633 416 2712 Capsensium,
432 2642 563 2695 ceterum
579 2636 657 2695 haud
673 2653 757 2694 secus
773 2634 930 2695 difficilem.

226 2717 359 2796 Namque
380 2719 459 2779 haud
479 2720 563 2797 longe
583 2739 599 2778 a
620 2719 740 2779 lluminc
760 2719 925 2790 Muluccha,
948 2719 1027 2797 quod
1042 2719 1198 2796 Iugurthae
1221 2737 1234 2783 5

142 2802 307 2881 llocohique
340 2821 464 2881 regnum
497 2803 678 2881 diiungebat,
707 2811 768 2862 erat
792 2803 869 2862 inter
894 2810 1022 2863 ceteram
1047 2803 1199 2881 planitiem

142 2903 229 2946 mons
245 2905 349 2947 saxeus
364 2889 506 2949 mediocri
521 2887 639 2948 castello
654 2888 724 2948 satis
739 2894 857 2966 patens,
874 2888 905 2947 in
919 2888 1086 2947 inmensum
1103 2887 1198 2947 editus

90 2979 122 3028 30
143 2989 203 3030 uno
217 2979 395 3051 perangusto
411 2973 491 3033 aditu
506 2973 624 3033 relicto:
640 2990 710 3032 nam
726 2971 822 3032 omnis
838 2979 941 3032 natura
956 2971 1034 3032 velut
1050 2989 1137 3052 opere
1153 2980 1198 3032 at-

143 3073 200 3133 que
215 3057 348 3117 consulto
363 3075 511 3136 praeceps.
543 3069 631 3134 quem
646 3057 744 3118 locum
760 3056 879 3129 Marius,
895 3057 973 3136 quod
988 3057 1028 3116 ibi
1042 3057 1117 3136 regis
1132 3057 1200 3117 the·
1220 3077 1235 3125 e

143 3140 221 3200 sauri
235 3149 333 3212 erant,
353 3159 471 3202 summa
491 3141 519 3201 vi
540 3160 642 3219 capere
663 3140 797 3201 intendit.
827 3142 880 3202 sed
900 3161 934 3202 ea
954 3159 1001 3202 res
1017 3142 1095 3202 forte
1111 3161 1199 3220 quam

143 3225 263 3285 consilio
279 3225 383 3285 melius
398 3233 488 3304 gesta.
519 3244 587 3285 uam
603 3226 721 3286 castello
738 3226 865 3286 virorum
882 3233 970 3304 atque
984 3244 1137 3286 armorum
1152 3245 1199 3286 sa·
1223 3244 1235 3291 r

144 3309 183 3368 tis
202 3316 232 3369 et
248 3327 352 3389 magna
367 3309 410 3369 vis
425 3311 566 3370 frumeuti
587 3318 618 3370 et
631 3312 697 3370 lons
714 3329 820 3389 aquae3
845 3310 996 3388 aggeribus
1012 3309 1200 3387 turribusque

214 3477 245 3526 lt)
263 3477 398 3526 uenundati
410 3476 460 3538 PC,
474 3491 579 3526 uacuum
592 3477 640 3536 (ool
650 3477 749 3536 uenum)
763 3475 815 3525 dati
828 3473 868 3540 ΟΙΙ
883 3475 913 3524 13
926 3481 984 3524 ante
995 3473 1046 3537 PC,
1058 3490 1106 3524 orn.
1120 3473 1141 3522 0
1148 3474 1200 3540 lilii

147 3542 243 3593 eccidit
259 3545 364 3594 verbum
380 3547 406 3593 ia
421 3544 490 3605 Pes,
504 3562 525 3594 s.
539 3562 560 3594 s.
573 3548 598 3594 in
615 3560 666 3594 noo
679 3543 756 3594 nullis
773 3543 871 3608 peregit
888 3542 927 3592 vel
942 3541 1017 3605 lecit,
1033 3546 1094 3610 poet
1109 3543 1202 3592 iucom-

146 3611 218 3660 modo
230 3629 245 3661 z
261 3613 379 3678 buerant
391 3611 474 3661 offecit
486 3612 525 3661 vel
535 3613 648 3678 patrauit
660 3611 712 3660 altit
724 3609 734 3678 ΙΙ
753 3619 827 3676 atquo
839 3628 860 3660 s.
873 3627 894 3660 s.
908 3612 932 3660 Ρ
943 3607 953 3677 ll
968 3610 997 3659 17
1016 3614 1074 3676 post
1086 3609 1202 3659 consulta

145 3681 170 3727 iu
183 3680 293 3742 acieque
302 3677 394 3746 paucis
405 3682 558 3745 interposita
569 3684 630 3728 eunt
642 3694 729 3729 uerum
741 3680 816 3728 ctiam
828 3693 889 3728 casu
900 3679 959 3727 data
976 3675 986 3745 ΙΙ
1005 3678 1033 3726 21
1054 3677 1096 3727 ubi
1113 3693 1144 3726 ea
1161 3693 1201 3727 res

144 3745 206 3795 bene
224 3746 269 3796 PC
280 3751 387 3814 praeter
405 3747 469 3797 duos
486 3749 531 3812 qui
544 3749 607 3797 bene
623 3762 653 3796 ca
671 3762 712 3796 res
728 3746 770 3795 ubi
782 3745 792 3814 ΙΙ
806 3746 838 3795 22
856 3744 954 3796 excidit
970 3746 1074 3795 verbum
1085 3744 1167 3796 inre
1176 3750 1202 3795 et

145 3816 170 3862 e'n
182 3817 286 3880 optimis
298 3831 319 3878 z,
332 3815 434 3864 deserta
444 3815 591 3881 suppletum,
606 3818 632 3865 ia
645 3831 659 3864 z
676 3813 685 3881 ΙΙ
704 3813 735 3864 25
754 3813 901 3880 aggreditur
918 3830 953 3863 eac
970 3814 1100 3876 egreditur
1111 3815 1135 3864 P
1147 3811 1156 3879 ss
1169 3813 1201 3861 27

146 3881 275 3930 nruluccha
291 3881 347 3940 PC,
363 3882 477 3932 mulucha
495 3882 534 3931 ool
545 3883 659 3932 malucha
675 3881 716 3932 eol
730 3880 895 3932 mquchaoC
910 3879 919 3949 ΙΙ
934 3882 965 3931 28
984 3881 1154 3945 diiuungebat
1172 3881 1202 3940 P,

147 3947 304 4012 disiungebat
317 3948 338 3998 C
352 3947 362 4015 ll
380 3949 412 3998 29
432 3949 538 4010 meditus
551 3951 575 4000 P
588 3948 596 4016 ΙΙ
615 3951 647 4000 30
666 3949 748 4000 omnia
759 3949 815 4011 PC,
834 3949 901 3998 omui
913 3949 952 4000 oel
962 3949 1042 3998 omnis
1056 3947 1082 4009 C,
1096 3947 1202 3996 omnisa

147 4023 236 4066 natura
247 4017 393 4066 Dietsebius
405 4014 415 4082 ss
428 4016 457 4066 31
470 4017 538 4080 regis
550 4033 586 4066 eo
598 4031 670 4082 reges
683 4019 707 4067 P
718 4015 727 4086 ll
742 4018 774 4067 34
784 4023 810 4066 ct
818 4031 905 4080 magna
918 4017 957 4066 uis
967 4014 1085 4065 frumeuti
1097 4015 1203 4080 scripsi:

147 4097 234 4146 magna
246 4083 285 4133 uis
298 4091 323 4134 et
337 4081 456 4133 frumenti
468 4085 518 4148 PC,
531 4091 557 4134 et
568 4100 618 4135 oon.
629 4085 706 4150 vulgo
