2846 4682
400 364 444 414 DE
463 363 713 418 CONIURATIONE
732 364 909 418 CATILINAE
1165 371 1185 432 9

125 519 156 580 in
174 518 294 582 urbium
314 517 438 582 modum
458 519 675 593 exaedificatas,
701 523 793 584 visere
813 521 923 602 templa
944 523 1084 596 deorum,
1110 543 1185 603 quae

125 605 219 666 nostri
233 605 376 676 maiores,
392 604 613 685 religiosissumi
627 607 775 679 mortales,
790 607 896 668 fecere.
926 627 1030 670 verum
1044 608 1086 670 illi
1100 609 1183 670 delu-
1205 619 1221 670 t

125 690 176 752 bra
190 691 315 752 demum
331 690 454 769 pietate,
475 691 580 752 domos
595 710 663 752 suas
677 691 767 772 gloria
782 692 971 766 decorabant,
991 713 1087 774 neque
1102 694 1184 756 victis

126 775 282 855 quicquam
297 781 414 854 praeter
425 773 545 836 iniuriae
556 775 704 838 licentiam
715 777 885 856 eripiebant.
909 785 938 840 at
948 779 978 840 hi
989 787 1091 842 eontra
1101 780 1184 860 igna-
1206 780 1236 837 5'

92 871 104 918 5
125 861 247 922 viseum
265 859 401 922 homines
422 878 475 938 per
494 879 644 922 summum
665 863 760 924 scelus
780 863 879 926 omnia
893 883 927 924 ea
942 865 1028 937 sociis
1045 865 1183 938 adimere,
1205 863 1213 876 '

127 964 202 1024 quae
217 945 384 1008 fortissumi
398 945 452 1006 viri
463 945 587 1010 victores
602 947 796 1027 reliquerant3
812 948 934 1027 proinde
950 951 1034 1030 quasi
1048 950 1185 1015 iniuriam

123 1031 219 1093 facere
234 1031 264 1092 id
280 1032 401 1092 demunt
412 1039 489 1094 esset
499 1031 624 1111 imperio
636 1033 688 1094 uti.
716 1051 784 1094 narn
796 1033 867 1113 quid
879 1053 912 1094 ea
923 1053 1096 1107 memorem,
1110 1055 1184 1116 quae
1207 1037 1247 1100 tt

124 1117 181 1176 nisi
197 1116 238 1177 eis
260 1117 311 1196 qui
325 1117 422 1178 videre
437 1117 549 1179 nemini
564 1117 709 1179 credibilia
724 1126 806 1192 suut,
830 1138 847 1182 a
861 1119 980 1198 privatis
995 1119 1184 1200 conpluribus

125 1201 284 1264 subvorsos
299 1203 425 1274 montis,
447 1202 539 1264 maria
553 1209 701 1268 constrata
725 1223 800 1265 esse.
835 1204 941 1282 quibus
962 1206 1035 1266 mihi
1050 1206 1221 1268 ridenturt

77 1293 105 1343 10
126 1287 251 1348 ludibrio
265 1280 356 1348 fixisse
371 1287 495 1360 divitiae,
512 1287 620 1368 quippe
637 1307 708 1370 quas
723 1290 847 1351 honeste
858 1289 965 1352 habere
976 1289 1088 1364 licebat,
1104 1290 1185 1353 abuti

124 1391 179 1452 per
194 1371 408 1452 turpitudinem
428 1373 633 1451 properabant.
664 1375 715 1436 sed
735 1374 835 1435 lubido
849 1376 944 1454 stupri
958 1394 1066 1454 ganeae
1080 1377 1184 1438 ceteri·
1205 1387 1220 1436 3

125 1477 182 1538 que
203 1457 299 1519 cultus
320 1476 380 1518 non
401 1457 498 1518 minor
517 1459 688 1520 incesserat:
710 1459 763 1520 viri
783 1459 936 1522 muliebria
949 1461 1024 1540 pati,
1047 1462 1185 1525 mulieres

124 1543 294 1623 pudicitiam
309 1543 341 1604 in
362 1543 518 1622 propatulo
538 1542 662 1618 babere3
692 1544 826 1606 vescendi
846 1563 932 1606 causa
952 1554 1031 1608 terra
1052 1546 1185 1626 marique

125 1628 225 1690 omnia
246 1628 412 1706 exquirere,
434 1628 562 1690 dormue
581 1630 663 1708 prius
682 1647 770 1708 quam
789 1631 887 1692 somni
902 1631 1007 1710 cupido
1021 1640 1108 1704 esset,
1124 1650 1185 1694 non

76 1717 104 1767 15
123 1713 235 1774 famem
255 1722 305 1774 aut
322 1713 402 1782 sitim
421 1731 517 1793 neque
536 1714 628 1792 frigus
649 1733 745 1793 neque
762 1715 964 1778 lassitudinem
986 1717 1113 1796 opperiri
1133 1717 1185 1778 sed

123 1817 158 1860 ea
173 1798 272 1859 omnia
287 1798 358 1860 luxu
368 1805 548 1878 antecapere.
578 1801 650 1860 haec
663 1801 861 1873 iuuentutem,
878 1801 928 1862 ubi
942 1801 1097 1862 familiares
1113 1820 1183 1880 opes
1204 1813 1221 1861 4

124 1884 306 1954 defecerant,
326 1884 362 1943 ad
382 1883 510 1944 facinora
530 1884 711 1944 incendebat.
743 1886 858 1948 animus
879 1886 998 1946 inbutus
1014 1887 1098 1948 malis
1113 1887 1184 1950 arti-
1205 1895 1221 1944 5

124 1969 179 2030 bus
199 1968 278 2030 baud
291 1968 375 2030 faede
390 1968 566 2030 lubidinibus
581 1969 712 2043 carebat3
734 1989 769 2032 eo
790 1971 938 2050 profusius
958 1971 1097 2035 omnibus
1118 1991 1183 2034 mo-

125 2055 169 2116 dis
191 2053 327 2136 quaestui
351 2061 440 2132 atque
458 2055 590 2134 sumptui
605 2055 720 2116 deditus
735 2063 805 2116 erat.

75 2143 105 2194 20
139 2194 150 2206 ,
211 2141 345 2201 intanta
365 2146 484 2218 tamque
504 2147 647 2218 conrupta
666 2140 779 2202 civitate
795 2140 931 2214 Catilina,
953 2141 982 2202 id
1003 2142 1082 2221 quod
1102 2142 1182 2204 factu
1206 2143 1246 2206 14

124 2225 306 2287 facillumum
321 2231 392 2296 erat,
409 2224 543 2285 omnium
558 2225 733 2304 flagitiorum
749 2233 837 2305 atque
850 2226 1015 2288 facinorum
1029 2226 1139 2290 circum
1152 2247 1183 2290 se

124 2318 276 2391 tamquam
290 2311 465 2389 stipatorum
480 2317 609 2372 catervas
624 2311 758 2373 habebat.
788 2329 858 2372 nam
874 2311 1051 2391 quicumque
1066 2313 1184 2392 inpudi-
1206 2320 1221 2370 2

126 2415 176 2458 cus
203 2395 318 2457 adulter
336 2413 428 2474 ganeo
452 2413 542 2456 manu
566 2405 666 2456 ventre
692 2414 767 2475 pene
785 2397 862 2458 buna
885 2397 977 2476 patria
998 2398 1181 2472 laceraverat,

127 2482 235 2560 quique
250 2481 379 2542 alienum
393 2498 441 2540 aes
456 2480 564 2560 grande
577 2481 759 2554 conflaverat,
778 2501 836 2560 quo
851 2482 991 2561 flagitium
1007 2491 1058 2544 aut
1071 2484 1183 2546 facinus

78 2566 106 2617 25
127 2566 294 2637 redimeret,
310 2571 461 2645 praeterea
476 2583 578 2627 omnes
593 2566 723 2646 undique
737 2567 897 2646 parricidae
913 2568 1042 2646 sacrilegi
1057 2569 1182 2630 convicti
1202 2576 1216 2626 3

126 2651 240 2714 iudiciis
255 2659 306 2712 aut
320 2650 472 2729 prodactis
487 2650 627 2712 iudicium
637 2652 790 2723 timentes,
808 2652 843 2712 ad
858 2652 916 2713 hoc
931 2671 1004 2731 quos
1019 2670 1123 2714 manus
1138 2660 1184 2714 at·

128 2755 184 2816 que
204 2737 302 2816 lingua
321 2734 449 2815 periurio
464 2741 514 2796 aut
528 2735 668 2816 sauguine
684 2735 758 2796 civili
777 2735 886 2808 alebat,
909 2745 1059 2816 postremo
1081 2756 1184 2800 omnes

128 2839 200 2900 quos
220 2821 362 2900 flagitium
380 2828 493 2900 egestas
513 2821 647 2882 conscius
666 2820 782 2882 animus
803 2821 977 2901 exagitabat,
1000 2821 1027 2882 ei
1048 2822 1185 2884 Catilinae

127 2907 264 2986 proxumi
282 2905 497 2984 familiaresque
519 2914 610 2966 erant.
640 2903 745 2984 quodsi
766 2906 829 2986 quis
844 2907 932 2968 etiam
946 2926 964 2967 a
978 2907 1062 2988 culpa
1077 2927 1185 2970 vacuus
1205 2917 1222 2968 4

81 2991 109 3042 ³⁰
128 2994 158 3052 in
177 2991 334 3052 amicitiam
352 2991 415 3052 eius
430 2989 583 3062 inciderat,
602 2991 746 3052 cotidiano
761 3011 817 3053 usu
832 2999 920 3072 atque
935 2991 1088 3056 inlecebris
1102 2994 1186 3057 facile

128 3095 180 3156 par
198 3077 360 3156 similisque
380 3075 484 3136 ceteris
503 3077 693 3140 efficiebatur.
724 3078 775 3138 sed
797 3097 935 3138 maxume
955 3077 1185 3141 adulescentium

127 3163 339 3224 familiaritates
357 3161 527 3241 adpetebat3
543 3181 647 3224 corum
667 3162 757 3224 animi
772 3162 875 3224 molles
890 3171 920 3224 et
934 3163 1004 3226 fluxi
1019 3164 1093 3226 dolis
1107 3164 1184 3226 haud
1203 3177 1218 3226 ⁵

200 3431 209 3479 f
222 3431 402 3481 exaedificatas
414 3431 466 3498 PC,
479 3433 561 3482 Prisc.
574 3431 590 3482 l.
603 3447 639 3495 c,
650 3433 795 3484 aedificatos
807 3429 850 3500 0ss
863 3434 878 3484 6
895 3434 1007 3484 uictores
1016 3433 1131 3484 hostibus
1144 3448 1185 3483 re-

131 3499 304 3566 liquerantsss
318 3501 333 3548 t
347 3499 450 3564 perfude
464 3517 483 3567 p
499 3503 526 3550 in
542 3503 699 3567 margnte‚z
724 3499 733 3567 i
758 3503 773 3550 9
792 3509 920 3552 constrata
937 3502 986 3567 PC,
1000 3509 1144 3552 constructa
1157 3501 1185 3564 C,
1240 3535 1243 3548 .

129 3573 285 3618 contractae
298 3567 307 3634 ΙΙ
325 3568 352 3617 12
365 3567 415 3618 uiri
427 3585 449 3630 z,
459 3569 530 3618 uiros
540 3568 586 3618 PC
595 3567 604 3631 ΙΙ
620 3568 650 3618 29
660 3569 800 3634 quaestetui
810 3571 833 3618 P
844 3569 853 3635 ΙΙ
867 3570 899 3618 20
909 3569 1005 3619 intanta
1018 3569 1147 3632 (amintam
1158 3577 1184 3620 te

130 3636 161 3698 Ρ)
175 3641 274 3700 tamque
287 3634 342 3700 PC,
354 3636 496 3701 Augustos.
509 3651 530 3686 e.
543 3635 567 3686 d.
584 3636 613 3700 3,
625 3637 650 3702 2,
663 3636 689 3686 in
700 3644 771 3687 tanta
784 3637 867 3703 itaque
889 3635 940 3698 (acl
951 3637 1041 3702 igitar)
1053 3645 1153 3702 masque
1167 3638 1189 3688 C

130 3702 273 3754 deteriores
285 3701 294 3769 11
308 3703 339 3753 22
358 3703 496 3768 impudicus
509 3705 609 3754 adulter
620 3719 698 3768 ganeo
712 3720 785 3756 manu
797 3713 887 3756 uentre
898 3720 961 3770 pene
975 3705 996 3756 0
1009 3707 1071 3770 (atri
1080 3705 1149 3772 quod
1158 3709 1186 3756 a'n

130 3785 180 3821 non
196 3771 275 3821 melfis
290 3771 346 3821 alea
361 3772 471 3822 fedatum
482 3777 542 3822 ante
553 3787 627 3825 mann
639 3773 679 3822 vel
687 3777 745 3840 post
757 3789 830 3824 manu
846 3777 872 3824 et
887 3789 966 3838 ganeo
978 3774 1116 3841 scapularem
1127 3776 1185 3838 est),

130 3839 262 3904 inpudicus
278 3839 378 3890 adulter
390 3855 464 3890 manu
475 3848 565 3902 uentre
577 3842 611 3905 Ρ,
622 3839 670 3890 aad
679 3856 758 3904 ganea
770 3845 796 3891 in
809 3857 893 3908 marg.
906 3846 932 3892 ct
943 3857 1005 3908 pene
1015 3846 1084 3894 inter
1095 3857 1185 3893 verene

130 3907 190 3957 odd.
201 3923 234 3974 p3
253 3921 326 3956 manu
343 3916 431 3959 uentre
447 3923 510 3974 pene
526 3909 549 3960 b.
567 3925 591 3974 p.
609 3909 768 3960 lacerauerat
785 3914 926 3976 Angustia.
944 3911 968 3960 d.
987 3910 1046 3962 diod.
1056 3927 1083 3977 p.
1100 3909 1135 3959 13
1145 3909 1185 3960 ed.

133 3975 330 4026 Crocodd'ronto
338 3976 507 4042 p.246,mauu
517 3991 580 4041 pene
591 3977 655 4026 bono
664 3977 762 4043 patriae
772 3977 949 4028 lacerouerunt
955 3995 1068 4044 gramm.
1075 3978 1103 4029 V
1100 3977 1185 4027 dtdcb.

129 4059 157 4162 a
168 4041 222 4175 at
231 4041 430 4176 tarra
441 4045 818 4178 orationeque
834 4046 1186 4182 tttttutttttt
