2854 4678
233 371 273 434 80
600 369 627 420 C.
640 367 799 420 SALLUSTl
817 367 918 420 ClllSPl

194 533 209 582 3
230 544 289 604 quo
310 525 352 585 illi
372 524 463 604 gloria
485 542 615 604 opesque
635 523 779 584 inventae.
811 523 899 602 igitur
918 523 1073 602 utriusque
1090 523 1212 584 consilio
1229 523 1295 585 dies

229 609 341 670 insidiis
355 609 503 670 statuitur.
533 615 639 681 cetera,
654 609 698 668 uti
708 627 756 668 res
767 615 911 687 posceret,
926 627 963 668 ex
973 615 1108 688 tempore
1118 608 1214 687 parari
1225 610 1294 688 pla-

192 702 209 750 l
230 694 299 754 cuit.
326 693 468 754 Nabdalsa
483 694 519 754 ad
534 693 696 754 exercitum
711 694 876 771 profectus,
896 712 986 772 quem
1001 693 1078 754 inter
1092 693 1213 756 hiberna
1227 693 1293 754 llo-

229 797 386 840 manorum
411 779 509 839 iussus
533 777 671 850 habebat,
698 795 736 838 ne
756 795 824 856 ager
843 777 942 837 inultis
961 777 1096 838 hostibus
1117 785 1291 839 vastaretur.

192 871 207 920 5
229 863 253 923 is
273 870 431 942 postquam
446 863 645 942 magnitudine
660 861 798 922 facinoris
812 863 965 940 perculsus
980 862 1017 922 ad
1031 869 1148 941 tempus
1163 879 1223 924 ncn
1238 882 1292 924 ve·
1316 875 1337 921 5

227 947 272 1008 nit
292 957 448 1027 metusque
467 966 532 1007 rem
552 946 733 1025 inpediebat,
753 947 899 1008 Bomilcar
918 946 1007 1007 simul
1028 947 1152 1026 cupidus
1174 947 1294 1027 incepta

227 1033 362 1113 patrandi
377 1040 406 1092 et
420 1033 526 1093 timore
542 1032 603 1092 soci
618 1031 730 1102 anaide,
752 1049 789 1091 ne
805 1031 915 1092 omisso
930 1039 1027 1092 vetere
1043 1032 1164 1092 consilio
1179 1049 1291 1093 novom

227 1125 389 1196 quaereret,
405 1117 516 1177 litteras
532 1115 648 1176 adeum
660 1133 713 1194 per
724 1114 859 1176 homines
871 1115 964 1176 tidelis
976 1115 1076 1188 mittit,
1092 1116 1199 1195 inquis
1211 1117 1291 1178 mol·

227 1201 320 1263 litiam
335 1201 558 1279 socordiamque
572 1199 787 1286 viriaccusare
803 1200 905 1261 testari
918 1199 998 1272 deos,
1014 1219 1068 1279 per
1078 1220 1154 1280 quos
1165 1201 1291 1262 iuravis—

227 1294 282 1358 set,
298 1303 420 1346 monere
434 1303 471 1346 ne
486 1284 615 1364 praemia
627 1283 732 1344 Metelli
743 1284 774 1343 in
785 1291 900 1364 pestem
912 1291 1105 1346 converteret.
1132 1286 1293 1365 Iugurthae
1317 1297 1357 1347 to

227 1371 349 1430 exitium
365 1370 475 1441 adesse,
492 1376 624 1429 ceterum
639 1387 729 1429 suane
741 1387 779 1429 an
789 1368 895 1430 Metelli
906 1371 1013 1431 virtute
1024 1370 1141 1448 periret,
1157 1370 1187 1430 id
1198 1369 1292 1432 modo

226 1455 342 1533 agitari3
358 1454 480 1533 proinde
495 1460 645 1532 reputaret
660 1473 728 1515 cum
744 1453 843 1514 animo
856 1473 920 1526 suo,
936 1454 1065 1534 praemia
1076 1473 1114 1514 an
1125 1456 1291 1516 cruciatum

132 1585 134 1590 .
165 1539 204 1600 71
226 1540 334 1600 mallet.
366 1539 416 1600 sed
432 1555 500 1599 cum
515 1557 566 1599 eae
581 1537 692 1600 litterae
708 1539 828 1611 adlatae,
843 1539 919 1599 forte
930 1539 1073 1600 Nabdalsa
1084 1540 1209 1600 exercito
1221 1558 1291 1602 cor-

190 1631 206 1681 2
226 1643 298 1703 pore
311 1625 408 1684 fessus
420 1623 449 1684 in
461 1625 537 1684 lecto
549 1623 725 1702 quiescebat,
741 1623 792 1683 ubi
803 1623 926 1702 cognitis
937 1623 1107 1684 Bomilcaris
1119 1624 1214 1685 verbis
1226 1625 1290 1703 pri·

190 1714 205 1764 3
226 1729 276 1770 mo
292 1727 375 1780 cura,
392 1709 512 1780 deinde,
528 1708 572 1768 uti
587 1727 708 1788 aegrum
723 1707 856 1768 animum
870 1708 953 1780 solet,
969 1726 1094 1769 somnus
1109 1709 1195 1788 cepit.
1226 1717 1291 1770 erat
1315 1720 1353 1768 15

226 1795 253 1853 ei
268 1794 394 1854 Numida
409 1793 530 1872 quidam
544 1793 730 1872 negotiorum
742 1800 869 1864 curator,
885 1793 960 1854 fidus
971 1801 1167 1873 acceptusque
1178 1801 1209 1856 et
1220 1813 1289 1854 om-

101 1909 103 1912 ·
189 1886 205 1934 4
224 1878 309 1939 nium
321 1879 511 1940 consiliorum
522 1877 578 1938 nisi
593 1878 755 1938 novissumi
766 1877 921 1956 particeps.
949 1879 1000 1958 qui
1010 1886 1168 1958 postquam
1179 1879 1292 1940 adlatas

227 1963 338 2024 litteras
360 1963 469 2023 audivit
489 1969 519 2022 et
539 1981 573 2022 ex
593 1963 806 2024 consuetudine
827 1970 908 2024 ratus
929 1981 1017 2042 opera
1036 1973 1087 2024 aut
1101 1963 1218 2042 ingenio
1234 1981 1291 2024 suo

228 2067 302 2127 opus
319 2067 393 2118 esse,
410 2047 441 2107 in
455 2047 676 2108 tabernaculum
693 2047 815 2120 introiit,
832 2047 997 2108 dormiente
1007 2047 1057 2108 illo
1069 2049 1224 2127 epistulam
1236 2067 1291 2110 su·

227 2151 281 2211 per
291 2140 378 2212 caput
392 2132 423 2192 in
438 2132 557 2210 pulvino
572 2138 682 2192 temere
698 2131 826 2210 positam
840 2133 932 2192 sumit
947 2152 981 2194 ac
992 2133 1123 2212 perlegit,
1139 2133 1207 2193 dein
1217 2151 1291 2212 pro·
1315 2141 1355 2190 20

190 2227 204 2275 5
227 2235 295 2296 pere
318 2216 441 2296 cognitis
461 2216 574 2276 insidiis
595 2216 631 2276 ad
647 2235 748 2295 regem
761 2216 864 2295 pergit.
891 2216 1034 2278 Nabdalsa
1049 2219 1135 2297 paulo
1152 2225 1221 2297 post
1237 2237 1292 2278 cx—

227 2308 377 2380 perrectus
400 2300 450 2361 ubi
473 2319 568 2378 neque
589 2300 746 2378 epistvdam
766 2301 895 2380 repperit
909 2309 939 2362 et
953 2319 1016 2362 rem
1033 2321 1154 2363 omnem
1169 2302 1212 2362 uti
1227 2310 1292 2363 acta

226 2392 289 2446 erat
305 2385 453 2465 cognovit,
470 2385 567 2464 primo
583 2384 710 2445 indicem
722 2387 858 2464 persequi
871 2393 1174 2466 conatus,‘postquam
1185 2387 1215 2447 id
1225 2387 1292 2447 inr-

225 2477 285 2532 stra
307 2471 376 2541 fuit,
397 2469 567 2549 Iugurtham
587 2469 719 2548 placandi
734 2470 825 2548 gratia
840 2469 968 2530 adcedit:
986 2471 1055 2531 dicit
1070 2491 1144 2550 quae
1159 2472 1222 2550 ipse
1237 2491 1292 2551 pa-

225 2556 348 2616 ravisset
362 2555 457 2616 lacere
472 2553 593 2634 perfidia
605 2553 719 2615 clientis
735 2555 781 2615 sui
792 2562 964 2633 praeventa3
979 2555 1145 2616 lacrumans
1157 2557 1291 2618 obtesta-
1315 2565 1353 2615 25

225 2647 275 2700 tur
294 2658 347 2719 per
366 2639 525 2700 amicitiam
545 2657 656 2718 perque
675 2657 727 2700 sua
742 2647 828 2700 antea
842 2639 966 2702 fideliter
980 2647 1059 2712 acta,
1082 2658 1120 2702 ne
1135 2659 1225 2720 super
1239 2641 1291 2703 tali

165 2727 205 2788 72
226 2724 334 2786 scelere
350 2732 520 2803 suspectum
535 2742 600 2784 sese
615 2723 745 2785 haberet.
760 2725 808 2786 ad
820 2742 853 2785 ea
867 2743 919 2785 rer
933 2725 1017 2786 aliter
1027 2733 1116 2804 atque
1127 2727 1227 2787 animo
1238 2743 1291 2804 ge-

226 2809 309 2870 rebat
327 2809 440 2888 placide
458 2808 619 2888 respondit.
646 2809 807 2870 Bomilcare
828 2809 950 2888 aliisque
965 2809 1080 2882 multis,
1102 2829 1178 2889 quos
1193 2811 1290 2872 socios

227 2894 398 2954 insidiarum
414 2900 596 2972 cognoverat,
612 2893 772 2954 interfectis
787 2893 862 2954 iram
878 2894 1073 2974 obpresserat,
1090 2913 1188 2974 nequa
1203 2915 1238 2956 ex
1254 2915 1290 2958 eo
1424 2949 1425 2966 ,

189 2991 205 3042 2
226 2979 344 3056 negotio
356 2977 462 3038 seditio
474 2984 615 3038 oreretur.
635 2994 730 3055 neque
741 2985 810 3056 post
821 2978 851 3038 id
860 2978 993 3040 locorum
1002 2979 1158 3059 Iugurthae
1167 2979 1230 3042 dies
1238 2989 1291 3042 aut
1314 2988 1352 3041 30

226 3079 286 3121 nox
301 3061 359 3122 ulla
374 3061 473 3139 quieta
487 3061 560 3134 iuit3
577 3077 673 3140 neque
685 3061 750 3122 loco
762 3079 858 3142 neque
869 3063 986 3124 mortali
999 3065 1137 3144 cuiquam
1149 3072 1198 3125 aut
1210 3073 1289 3126 tem·

225 3145 290 3224 pori
306 3145 377 3206 satis
393 3145 521 3216 credere,
538 3145 608 3206 civis
623 3145 776 3226 hostisque
792 3147 871 3208 iuxta
886 3156 1029 3222 metuere,
1045 3149 1290 3229 circumspectare

226 3229 326 3291 omnia
334 3237 367 3310 et
378 3229 460 3290 omni
471 3230 595 3308 strepitu
606 3249 771 3309 pavescere,
783 3232 839 3292 alio
851 3239 939 3312 atque
951 3233 1007 3294 alio
1019 3233 1084 3294 loco
1091 3253 1178 3314 saepe
1187 3242 1291 3296 contra

226 3315 314 3376 decus
329 3313 443 3395 regium
454 3320 545 3376 noctu
555 3315 748 3394 requiescere,
765 3316 914 3377 interdum
925 3335 1031 3379 somno
1043 3319 1154 3380 excitus
1165 3320 1291 3400 arreptis

227 3401 317 3462 armis
331 3400 494 3461 tumultum
509 3400 612 3472 facere,
629 3400 669 3461 ita
683 3399 840 3462 formidine
856 3403 941 3481 quasi
955 3403 1088 3464 vecordia
1100 3404 1247 3482 exagitari.
1313 3412 1351 3462 35

164 3486 204 3550 78
312 3485 404 3564 igitur
419 3483 564 3557 Metellus,
584 3485 635 3546 ubi
655 3485 691 3546 de
707 3504 776 3547 casu
791 3486 961 3548 Bomilcaris
977 3494 1006 3548 et
1020 3488 1128 3550 indicio
1143 3490 1290 3568 patefacto

225 3588 260 3630 ex
271 3569 402 3649 perfugis
414 3570 558 3648 cognovit,
575 3587 678 3630 rursus
690 3577 842 3650 tamquam
853 3571 890 3632 ad
902 3571 1049 3652 integrum
1061 3573 1171 3634 bellum
1183 3583 1290 3637 cuncta

295 3751 310 3800 8
328 3751 461 3803 mollitiam
473 3753 524 3816 PC,
536 3754 668 3805 mollitiem
682 3755 703 3804 C
717 3751 727 3821 ll
743 3755 759 3804 9
777 3763 873 3806 testare
886 3757 909 3806 P
926 3753 936 3823 l
954 3756 986 3806 23
1005 3763 1061 3806 erat
1073 3771 1105 3807 cx
1117 3755 1230 3823 perfugis
1244 3775 1289 3809 co·

227 3817 316 3881 gnonit
328 3818 374 3869 PC
383 3819 451 3883 (aiei
464 3821 533 3887 qnod
546 3839 614 3873 aaut
632 3829 658 3872 et
674 3822 758 3872 seruis
776 3823 845 3873 alius
862 3839 894 3873 ex
912 3825 996 3874 seruis
1013 3824 1081 3874 alius
1092 3827 1237 3891 experturi:
1255 3841 1289 3877 ex

228 3883 341 3954 perfugis
353 3902 388 3936 erc
400 3902 421 3936 c.
436 3887 474 3952 73,
487 3888 503 3937 1
515 3889 625 3940 inlatum
636 3888 685 3940 del.
696 3889 812 3940 retatus
825 3889 834 3959 Η
848 3891 914 3942 inuit
928 3892 952 3954 (c
964 3896 990 3942 in
1003 3893 1066 3957 rar.)
1076 3895 1101 3944 P
1112 3889 1121 3960 ΙΙ
1134 3894 1167 3943 24
1180 3894 1288 3958 adcedit]

228 3954 347 4018 cognouit
356 3956 380 4005 Ρ
390 3950 400 4022 ΙΙ
413 3955 446 4006 30
459 3963 577 4006 oreretur
586 3958 617 4019 P,
627 3957 740 4007 oriretur
751 3957 772 4006 C
781 3956 791 4025 ΙΙ
805 3959 834 4008 31
849 3961 990 4024 autempori
1000 3961 1045 4023 (ear
1053 3962 1136 4024 -re)P
1147 3959 1157 4026 ΙΙ
1171 3962 1203 4011 33
1213 3969 1289 4028 atquc

227 4021 278 4072 alio
290 4039 312 4085 a,
325 4038 374 4074 can.
389 4020 454 4141 PCp
467 4023 500 4073 34
512 4025 610 4074 excitus
620 4024 667 4092 pe,
681 4025 811 4075 exercitus
823 4027 853 4090 P,
866 4034 1033 4092 experrectus
1041 4027 1178 4080 Diomedes
1187 4046 1216 4096 p.
1227 4029 1289 4094 376,

225 4093 270 4153 qui
279 4107 361 4158 supra
372 4093 407 4156 (c.
422 4091 436 4141 7
453 4130 460 4157 ,
472 4091 499 4155 ,5)
512 4091 641 4144 dictorum
653 4108 752 4146 emmor
762 4095 848 4159 fuisse
860 4093 962 4146 uidetur
