<?xml version="1.0" encoding="UTF-8"?>
<!DOCTYPE html PUBLIC "-//W3C//DTD XHTML 1.0 Transitional//EN"
    "http://www.w3.org/TR/xhtml1/DTD/xhtml1-transitional.dtd">
<html xmlns="http://www.w3.org/1999/xhtml" xml:lang="en" lang="en">
 <head>
  <title>
</title>
<meta http-equiv="Content-Type" content="text/html;charset=utf-8" />
  <meta name='ocr-system' content='tesseract 3.04.00' />
  <meta name='ocr-capabilities' content='ocr_page ocr_carea ocr_par ocr_line ocrx_word'/>
</head>
<body>
  <div class='ocr_page' id='page_1' title='image "./csallusticrispi00jordgoog_0132.png"; bbox 0 0 2854 4678; ppageno 0'>
   <div class='ocr_carea' id='block_1_1' title="bbox 446 371 1197 436">
    <p class='ocr_par' dir='ltr' id='par_1_1' title="bbox 446 371 1197 436">
     <span class='ocr_line' id='line_1_1' title="bbox 446 371 1197 436; baseline 0.016 -11"><span class='ocrx_word' id='word_1_1' title='bbox 446 371 635 425; x_wconf 71' lang='lat' dir='ltr'>anamodus</span> <span class='ocrx_word' id='word_1_2' title='bbox 651 373 696 424; x_wconf 82' lang='lat' dir='ltr'>ET</span> <span class='ocrx_word' id='word_1_3' title='bbox 712 372 895 428; x_wconf 75' lang='lat' dir='ltr'>unsruuan</span> <span class='ocrx_word' id='word_1_4' title='bbox 1136 375 1197 436; x_wconf 79' lang='grc'>119</span> 
     </span>
    </p>
   </div>
   <div class='ocr_carea' id='block_1_2' title="bbox 87 526 1251 1198">
    <p class='ocr_par' dir='ltr' id='par_1_2' title="bbox 132 526 1198 861">
     <span class='ocr_line' id='line_1_2' title="bbox 135 526 1197 605; baseline 0 -17"><span class='ocrx_word' id='word_1_5' title='bbox 135 545 226 598; x_wconf 91' lang='lat' dir='ltr'>orem,</span> <span class='ocrx_word' id='word_1_6' title='bbox 244 543 319 605; x_wconf 89' lang='lat' dir='ltr'>quae</span> <span class='ocrx_word' id='word_1_7' title='bbox 334 543 396 588; x_wconf 89' lang='lat' dir='ltr'>nou</span> <span class='ocrx_word' id='word_1_8' title='bbox 410 526 448 588; x_wconf 92' lang='lat' dir='ltr'>ab</span> <span class='ocrx_word' id='word_1_9' title='bbox 460 527 597 589; x_wconf 78' lang='lat' dir='ltr'><strong>hostibus</strong></span> <span class='ocrx_word' id='word_1_10' title='bbox 611 534 738 601; x_wconf 90' lang='lat' dir='ltr'>tenetur,</span> <span class='ocrx_word' id='word_1_11' title='bbox 754 546 809 590; x_wconf 90' lang='lat' dir='ltr'>uos</span> <span class='ocrx_word' id='word_1_12' title='bbox 824 535 875 590; x_wconf 81' lang='lat' dir='ltr'>lut</span> <span class='ocrx_word' id='word_1_13' title='bbox 891 527 1038 590; x_wconf 85' lang='lat' dir='ltr'>Sertorius</span> <span class='ocrx_word' id='word_1_14' title='bbox 1053 527 1089 591; x_wconf 82' lang='lat' dir='ltr'>ad</span> <span class='ocrx_word' id='word_1_15' title='bbox 1104 527 1197 588; x_wconf 91' lang='lat' dir='ltr'>iuter-</span> 
     </span>
     <span class='ocr_line' id='line_1_3' title="bbox 134 611 1196 692; baseline 0.001 -19"><span class='ocrx_word' id='word_1_16' title='bbox 134 611 290 673; x_wconf 89' lang='lat' dir='ltr'>neoionem</span> <span class='ocrx_word' id='word_1_17' title='bbox 306 611 481 672; x_wconf 80' lang='lat' dir='ltr'>vastavimus</span> <span class='ocrx_word' id='word_1_18' title='bbox 496 619 612 691; x_wconf 88' lang='lat' dir='ltr'>praeter</span> <span class='ocrx_word' id='word_1_19' title='bbox 626 613 801 676; x_wconf 88' lang='lat' dir='ltr'>maritumas</span> <span class='ocrx_word' id='word_1_20' title='bbox 815 613 949 684; x_wconf 84' lang='lat' dir='ltr'>civitatis,</span> <span class='ocrx_word' id='word_1_21' title='bbox 966 631 1040 692; x_wconf 90' lang='lat' dir='ltr'>quae</span> <span class='ocrx_word' id='word_1_22' title='bbox 1051 613 1129 674; x_wconf 91' lang='lat' dir='ltr'>ultro</span> <span class='ocrx_word' id='word_1_23' title='bbox 1140 629 1196 674; x_wconf 87' lang='lat' dir='ltr'>no-</span> 
     </span>
     <span class='ocr_line' id='line_1_4' title="bbox 133 695 1197 777; baseline 0.003 -19"><span class='ocrx_word' id='word_1_24' title='bbox 133 695 178 758; x_wconf 89' lang='lat' dir='ltr'>bis</span> <span class='ocrx_word' id='word_1_25' title='bbox 199 695 334 774; x_wconf 88' lang='lat' dir='ltr'>sumptui</span> <span class='ocrx_word' id='word_1_26' title='bbox 354 697 503 774; x_wconf 83' lang='lat' dir='ltr'><strong>onerique.</strong></span> <span class='ocrx_word' id='word_1_27' title='bbox 534 697 624 758; x_wconf 88' lang='lat' dir='ltr'>Gallia</span> <span class='ocrx_word' id='word_1_28' title='bbox 642 698 793 777; x_wconf 82' lang='lat' dir='ltr'><strong>superiore</strong></span> <span class='ocrx_word' id='word_1_29' title='bbox 811 714 890 759; x_wconf 90' lang='lat' dir='ltr'>anno</span> <span class='ocrx_word' id='word_1_30' title='bbox 910 697 1016 759; x_wconf 85' lang='lat' dir='ltr'>Metelli</span> <span class='ocrx_word' id='word_1_31' title='bbox 1036 697 1197 761; x_wconf 85' lang='lat' dir='ltr'>exercitum</span> 
     </span>
     <span class='ocr_line' id='line_1_5' title="bbox 132 780 1198 861; baseline 0.001 -20"><span class='ocrx_word' id='word_1_32' title='bbox 132 781 279 860; x_wconf 88' lang='lat' dir='ltr'>stipendio</span> <span class='ocrx_word' id='word_1_33' title='bbox 294 780 502 859; x_wconf 84' lang='lat' dir='ltr'>frumentoque</span> <span class='ocrx_word' id='word_1_34' title='bbox 517 781 589 852; x_wconf 88' lang='lat' dir='ltr'>aluit</span> <span class='ocrx_word' id='word_1_35' title='bbox 603 788 633 842; x_wconf 91' lang='lat' dir='ltr'>et</span> <span class='ocrx_word' id='word_1_36' title='bbox 647 799 727 843; x_wconf 88' lang='lat' dir='ltr'>nunc</span> <span class='ocrx_word' id='word_1_37' title='bbox 741 781 825 846; x_wconf 87' lang='lat' dir='ltr'>malis</span> <span class='ocrx_word' id='word_1_38' title='bbox 840 781 985 844; x_wconf 85' lang='lat' dir='ltr'>fructibus</span> <span class='ocrx_word' id='word_1_39' title='bbox 1003 781 1066 860; x_wconf 92' lang='lat' dir='ltr'>ipsa</span> <span class='ocrx_word' id='word_1_40' title='bbox 1078 781 1125 844; x_wconf 82' lang='lat' dir='ltr'>vix</span> <span class='ocrx_word' id='word_1_41' title='bbox 1136 781 1198 861; x_wconf 83' lang='lat' dir='ltr'>agi·</span> 
     </span>
    </p>

    <p class='ocr_par' dir='ltr' id='par_1_3' title="bbox 87 865 1251 1198">
     <span class='ocr_line' id='line_1_6' title="bbox 87 865 1197 948; baseline 0.003 -22"><span class='ocrx_word' id='word_1_42' title='bbox 87 875 113 948; x_wconf 21' lang='lat' dir='ltr'>„o</span> <span class='ocrx_word' id='word_1_43' title='bbox 133 872 184 926; x_wconf 87' lang='lat' dir='ltr'>tat.</span> <span class='ocrx_word' id='word_1_44' title='bbox 214 884 268 944; x_wconf 85' lang='lat' dir='ltr'>ego</span> <span class='ocrx_word' id='word_1_45' title='bbox 284 883 345 926; x_wconf 90' lang='lat' dir='ltr'>non</span> <span class='ocrx_word' id='word_1_46' title='bbox 359 883 423 926; x_wconf 88' lang='lat' dir='ltr'>rem</span> <span class='ocrx_word' id='word_1_47' title='bbox 437 865 610 928; x_wconf 80' lang='lat' dir='ltr'>familiarem</span> <span class='ocrx_word' id='word_1_48' title='bbox 623 867 722 938; x_wconf 91' lang='lat' dir='ltr'>modo,</span> <span class='ocrx_word' id='word_1_49' title='bbox 738 885 841 928; x_wconf 88' lang='lat' dir='ltr'>verum</span> <span class='ocrx_word' id='word_1_50' title='bbox 852 867 943 928; x_wconf 90' lang='lat' dir='ltr'>etiam</span> <span class='ocrx_word' id='word_1_51' title='bbox 954 866 1043 928; x_wconf 89' lang='lat' dir='ltr'>fidem</span> <span class='ocrx_word' id='word_1_52' title='bbox 1055 884 1197 928; x_wconf 86' lang='lat' dir='ltr'>consum-</span> 
     </span>
     <span class='ocr_line' id='line_1_7' title="bbox 132 949 1251 1030; baseline 0.006 -20"><span class='ocrx_word' id='word_1_53' title='bbox 132 950 188 1030; x_wconf 88' lang='lat' dir='ltr'>psi.</span> <span class='ocrx_word' id='word_1_54' title='bbox 218 949 323 1028; x_wconf 77' lang='lat' dir='ltr'>reliqui</span> <span class='ocrx_word' id='word_1_55' title='bbox 341 969 393 1010; x_wconf 90' lang='lat' dir='ltr'>vos</span> <span class='ocrx_word' id='word_1_56' title='bbox 414 950 501 1012; x_wconf 88' lang='lat' dir='ltr'>estis:</span> <span class='ocrx_word' id='word_1_57' title='bbox 517 950 568 1028; x_wconf 91' lang='lat' dir='ltr'>qui</span> <span class='ocrx_word' id='word_1_58' title='bbox 588 949 644 1010; x_wconf 92' lang='lat' dir='ltr'>nisi</span> <span class='ocrx_word' id='word_1_59' title='bbox 662 951 836 1022; x_wconf 70' lang='lat' dir='ltr'>subvenitis,</span> <span class='ocrx_word' id='word_1_60' title='bbox 856 951 947 1012; x_wconf 92' lang='lat' dir='ltr'>invito</span> <span class='ocrx_word' id='word_1_61' title='bbox 967 958 998 1011; x_wconf 90' lang='lat' dir='ltr'>et</span> <span class='ocrx_word' id='word_1_62' title='bbox 1012 951 1197 1030; x_wconf 88' lang='lat' dir='ltr'>praedicente</span> <span class='ocrx_word' id='word_1_63' title='bbox 1219 964 1251 1016; x_wconf 81' lang='lat' dir='ltr'>tt</span> 
     </span>
     <span class='ocr_line' id='line_1_8' title="bbox 132 1034 1196 1116; baseline 0.002 -22"><span class='ocrx_word' id='word_1_64' title='bbox 132 1053 181 1095; x_wconf 90' lang='lat' dir='ltr'>me</span> <span class='ocrx_word' id='word_1_65' title='bbox 201 1034 347 1094; x_wconf 82' lang='lat' dir='ltr'>exercitus</span> <span class='ocrx_word' id='word_1_66' title='bbox 368 1035 437 1096; x_wconf 88' lang='lat' dir='ltr'>hino</span> <span class='ocrx_word' id='word_1_67' title='bbox 456 1041 486 1096; x_wconf 91' lang='lat' dir='ltr'>et</span> <span class='ocrx_word' id='word_1_68' title='bbox 501 1053 570 1097; x_wconf 88' lang='lat' dir='ltr'>eum</span> <span class='ocrx_word' id='word_1_69' title='bbox 584 1055 621 1095; x_wconf 94' lang='lat' dir='ltr'>eo</span> <span class='ocrx_word' id='word_1_70' title='bbox 637 1053 724 1096; x_wconf 89' lang='lat' dir='ltr'>omne</span> <span class='ocrx_word' id='word_1_71' title='bbox 740 1035 850 1096; x_wconf 88' lang='lat' dir='ltr'>bellum</span> <span class='ocrx_word' id='word_1_72' title='bbox 864 1035 1020 1116; x_wconf 86' lang='lat' dir='ltr'>Hispaniae</span> <span class='ocrx_word' id='word_1_73' title='bbox 1036 1035 1067 1096; x_wconf 89' lang='lat' dir='ltr'>iu</span> <span class='ocrx_word' id='word_1_74' title='bbox 1082 1035 1196 1098; x_wconf 90' lang='lat' dir='ltr'>ltaliam</span> 
     </span>
     <span class='ocr_line' id='line_1_9' title="bbox 131 1119 1046 1198; baseline -0.003 -18"><span class='ocrx_word' id='word_1_75' title='bbox 131 1119 391 1198; x_wconf 79' lang='lat' dir='ltr'>transgredientur.</span> <span class='ocrx_word' id='word_1_76' title='bbox 1042 1120 1046 1124; x_wconf 82' lang='grc'><strong>’</strong></span> 
     </span>
    </p>
   </div>
   <div class='ocr_carea' id='block_1_3' title="bbox 85 1283 937 1444">
    <p class='ocr_par' dir='ltr' id='par_1_4' title="bbox 85 1283 937 1444">
     <span class='ocr_line' id='line_1_10' title="bbox 397 1283 937 1354; baseline 0.004 -2"><span class='ocrx_word' id='word_1_77' title='bbox 397 1283 576 1352; x_wconf 83' lang='lat' dir='ltr'><strong>ORATIO</strong></span> <span class='ocrx_word' id='word_1_78' title='bbox 601 1283 749 1352; x_wconf 82' lang='lat' dir='ltr'><strong>MAGRI</strong></span> <span class='ocrx_word' id='word_1_79' title='bbox 774 1286 845 1354; x_wconf 78' lang='grc' dir='ltr'>ΤΒ.</span> <span class='ocrx_word' id='word_1_80' title='bbox 869 1286 937 1354; x_wconf 84' lang='lat' dir='ltr'>PL.</span> 
     </span>
     <span class='ocr_line' id='line_1_11' title="bbox 85 1390 776 1444; baseline 0.004 -3"><span class='ocrx_word' id='word_1_81' title='bbox 85 1393 118 1442; x_wconf 88' lang='lat'>10</span> <span class='ocrx_word' id='word_1_82' title='bbox 508 1425 512 1433; x_wconf 87' lang='grc'><em>.</em></span> <span class='ocrx_word' id='word_1_83' title='bbox 546 1391 596 1444; x_wconf 80' lang='lat' dir='ltr'>Ao</span> <span class='ocrx_word' id='word_1_84' title='bbox 616 1390 776 1444; x_wconf 73' lang='lat' dir='ltr'>cuneum.</span> 
     </span>
    </p>
   </div>
   <div class='ocr_carea' id='block_1_4' title="bbox 80 1529 1303 3557">
    <p class='ocr_par' dir='ltr' id='par_1_5' title="bbox 132 1529 1236 1864">
     <span class='ocr_line' id='line_1_12' title="bbox 219 1529 1236 1610; baseline 0.003 -20"><span class='ocrx_word' id='word_1_85' title='bbox 219 1529 260 1602; x_wconf 88' lang='lat' dir='ltr'>si,</span> <span class='ocrx_word' id='word_1_86' title='bbox 277 1529 420 1602; x_wconf 84' lang='lat' dir='ltr'>Quirites,</span> <span class='ocrx_word' id='word_1_87' title='bbox 436 1547 541 1608; x_wconf 85' lang='lat' dir='ltr'>pamm</span> <span class='ocrx_word' id='word_1_88' title='bbox 556 1529 788 1604; x_wconf 65' lang='lat' dir='ltr'>existumarem,</span> <span class='ocrx_word' id='word_1_89' title='bbox 804 1531 874 1610; x_wconf 89' lang='lat' dir='ltr'>quid</span> <span class='ocrx_word' id='word_1_90' title='bbox 889 1531 1027 1592; x_wconf 88' lang='lat' dir='ltr'>interius</span> <span class='ocrx_word' id='word_1_91' title='bbox 1042 1551 1059 1592; x_wconf 88' lang='lat' dir='ltr'>a</span> <span class='ocrx_word' id='word_1_92' title='bbox 1073 1531 1196 1592; x_wconf 90' lang='lat' dir='ltr'>maiori·</span> <span class='ocrx_word' id='word_1_93' title='bbox 1218 1534 1236 1594; x_wconf 89' lang='lat'>1</span> 
     </span>
     <span class='ocr_line' id='line_1_13' title="bbox 132 1613 1195 1695; baseline 0 -19"><span class='ocrx_word' id='word_1_94' title='bbox 132 1615 188 1676; x_wconf 84' lang='lat' dir='ltr'>bus</span> <span class='ocrx_word' id='word_1_95' title='bbox 209 1615 346 1676; x_wconf 88' lang='lat' dir='ltr'>relictum</span> <span class='ocrx_word' id='word_1_96' title='bbox 366 1613 449 1674; x_wconf 88' lang='lat' dir='ltr'>vobis</span> <span class='ocrx_word' id='word_1_97' title='bbox 473 1621 502 1674; x_wconf 90' lang='lat' dir='ltr'>et</span> <span class='ocrx_word' id='word_1_98' title='bbox 517 1615 604 1676; x_wconf 89' lang='lat' dir='ltr'>hoca</span> <span class='ocrx_word' id='word_1_99' title='bbox 620 1615 701 1676; x_wconf 89' lang='lat' dir='ltr'>Sulla</span> <span class='ocrx_word' id='word_1_100' title='bbox 715 1623 850 1695; x_wconf 87' lang='lat' dir='ltr'>paratum</span> <span class='ocrx_word' id='word_1_101' title='bbox 866 1616 1016 1677; x_wconf 90' lang='lat' dir='ltr'>servitium</span> <span class='ocrx_word' id='word_1_102' title='bbox 1030 1615 1195 1690; x_wconf 86' lang='lat' dir='ltr'>interesset,</span> 
     </span>
     <span class='ocr_line' id='line_1_14' title="bbox 133 1699 1196 1780; baseline -0.001 -19"><span class='ocrx_word' id='word_1_103' title='bbox 133 1699 235 1761; x_wconf 89' lang='lat' dir='ltr'>multis</span> <span class='ocrx_word' id='word_1_104' title='bbox 256 1699 329 1760; x_wconf 90' lang='lat' dir='ltr'>mihi</span> <span class='ocrx_word' id='word_1_105' title='bbox 350 1699 558 1760; x_wconf 84' lang='lat' dir='ltr'>disserundum</span> <span class='ocrx_word' id='word_1_106' title='bbox 577 1699 634 1759; x_wconf 88' lang='lat' dir='ltr'>fuit</span> <span class='ocrx_word' id='word_1_107' title='bbox 652 1700 850 1780; x_wconf 87' lang='lat' dir='ltr'>docendique,</span> <span class='ocrx_word' id='word_1_108' title='bbox 873 1719 946 1780; x_wconf 91' lang='lat' dir='ltr'>quas</span> <span class='ocrx_word' id='word_1_109' title='bbox 967 1701 1006 1762; x_wconf 87' lang='lat' dir='ltr'>ob</span> <span class='ocrx_word' id='word_1_110' title='bbox 1025 1699 1146 1762; x_wconf 88' lang='lat' dir='ltr'>iniurias</span> <span class='ocrx_word' id='word_1_111' title='bbox 1166 1707 1196 1760; x_wconf 90' lang='lat' dir='ltr'>et</span> 
     </span>
     <span class='ocr_line' id='line_1_15' title="bbox 133 1783 1196 1864; baseline 0.003 -21"><span class='ocrx_word' id='word_1_112' title='bbox 133 1783 270 1864; x_wconf 89' lang='lat' dir='ltr'>quotiens</span> <span class='ocrx_word' id='word_1_113' title='bbox 286 1803 303 1844; x_wconf 90' lang='lat' dir='ltr'>a</span> <span class='ocrx_word' id='word_1_114' title='bbox 316 1783 450 1863; x_wconf 91' lang='lat' dir='ltr'>patribus</span> <span class='ocrx_word' id='word_1_115' title='bbox 465 1789 577 1844; x_wconf 88' lang='lat' dir='ltr'>armata</span> <span class='ocrx_word' id='word_1_116' title='bbox 591 1784 690 1863; x_wconf 92' lang='lat' dir='ltr'>plebes</span> <span class='ocrx_word' id='word_1_117' title='bbox 706 1785 873 1846; x_wconf 87' lang='lat' dir='ltr'>secessisset</span> <span class='ocrx_word' id='word_1_118' title='bbox 886 1785 988 1864; x_wconf 93' lang='lat' dir='ltr'>utique</span> <span class='ocrx_word' id='word_1_119' title='bbox 1004 1785 1130 1845; x_wconf 88' lang='lat' dir='ltr'>vindices</span> <span class='ocrx_word' id='word_1_120' title='bbox 1141 1803 1196 1863; x_wconf 87' lang='lat' dir='ltr'>pa-</span> 
     </span>
    </p>

    <p class='ocr_par' dir='ltr' id='par_1_6' title="bbox 80 1867 1283 2287">
     <span class='ocr_line' id='line_1_16' title="bbox 80 1867 1232 1948; baseline -0.002 -16"><span class='ocrx_word' id='word_1_121' title='bbox 80 1883 112 1938; x_wconf 81' lang='lat'>15</span> <span class='ocrx_word' id='word_1_122' title='bbox 132 1870 255 1930; x_wconf 88' lang='lat' dir='ltr'>ravisset</span> <span class='ocrx_word' id='word_1_123' title='bbox 274 1868 371 1929; x_wconf 90' lang='lat' dir='ltr'>omnis</span> <span class='ocrx_word' id='word_1_124' title='bbox 390 1867 462 1929; x_wconf 89' lang='lat' dir='ltr'>iuris</span> <span class='ocrx_word' id='word_1_125' title='bbox 476 1868 524 1928; x_wconf 92' lang='lat' dir='ltr'>sui</span> <span class='ocrx_word' id='word_1_126' title='bbox 538 1868 673 1930; x_wconf 91' lang='lat' dir='ltr'>tribunos</span> <span class='ocrx_word' id='word_1_127' title='bbox 688 1869 792 1948; x_wconf 87' lang='lat' dir='ltr'>plebis.</span> <span class='ocrx_word' id='word_1_128' title='bbox 822 1887 902 1930; x_wconf 90' lang='lat' dir='ltr'>nunc</span> <span class='ocrx_word' id='word_1_129' title='bbox 915 1869 1026 1932; x_wconf 88' lang='lat' dir='ltr'>hortari</span> <span class='ocrx_word' id='word_1_130' title='bbox 1041 1869 1131 1930; x_wconf 92' lang='lat' dir='ltr'>modo</span> <span class='ocrx_word' id='word_1_131' title='bbox 1146 1887 1196 1929; x_wconf 89' lang='lat' dir='ltr'>re·</span> <span class='ocrx_word' id='word_1_132' title='bbox 1217 1881 1232 1930; x_wconf 82' lang='lat'><strong>2</strong></span> 
     </span>
     <span class='ocr_line' id='line_1_17' title="bbox 132 1953 1195 2033; baseline -0.001 -18"><span class='ocrx_word' id='word_1_133' title='bbox 132 1954 222 2016; x_wconf 88' lang='lat' dir='ltr'>licum</span> <span class='ocrx_word' id='word_1_134' title='bbox 234 1960 280 2014; x_wconf 88' lang='lat' dir='ltr'>est</span> <span class='ocrx_word' id='word_1_135' title='bbox 289 1960 321 2014; x_wconf 87' lang='lat' dir='ltr'>et</span> <span class='ocrx_word' id='word_1_136' title='bbox 330 1953 373 2013; x_wconf 90' lang='lat' dir='ltr'>ire</span> <span class='ocrx_word' id='word_1_137' title='bbox 383 1953 514 2032; x_wconf 90' lang='lat' dir='ltr'>primum</span> <span class='ocrx_word' id='word_1_138' title='bbox 526 1953 580 2026; x_wconf 91' lang='lat' dir='ltr'>via,</span> <span class='ocrx_word' id='word_1_139' title='bbox 594 1972 651 2032; x_wconf 92' lang='lat' dir='ltr'>qua</span> <span class='ocrx_word' id='word_1_140' title='bbox 662 1955 877 2033; x_wconf 85' lang='lat' dir='ltr'>capessundam</span> <span class='ocrx_word' id='word_1_141' title='bbox 888 1953 1195 2016; x_wconf 85' lang='lat' dir='ltr'>arbitrorlibertatem.</span> 
     </span>
     <span class='ocr_line' id='line_1_18' title="bbox 131 2036 1232 2118; baseline -0.001 -18"><span class='ocrx_word' id='word_1_142' title='bbox 131 2056 230 2118; x_wconf 86' lang='lat' dir='ltr'>neque</span> <span class='ocrx_word' id='word_1_143' title='bbox 245 2057 293 2098; x_wconf 94' lang='lat' dir='ltr'>me</span> <span class='ocrx_word' id='word_1_144' title='bbox 308 2037 456 2117; x_wconf 88' lang='lat' dir='ltr'>praeterit,</span> <span class='ocrx_word' id='word_1_145' title='bbox 472 2045 596 2117; x_wconf 89' lang='lat' dir='ltr'>quantas</span> <span class='ocrx_word' id='word_1_146' title='bbox 612 2057 683 2118; x_wconf 90' lang='lat' dir='ltr'>opes</span> <span class='ocrx_word' id='word_1_147' title='bbox 698 2038 856 2100; x_wconf 84' lang='lat' dir='ltr'>nobilitatis</span> <span class='ocrx_word' id='word_1_148' title='bbox 870 2040 950 2100; x_wconf 90' lang='lat' dir='ltr'>solus</span> <span class='ocrx_word' id='word_1_149' title='bbox 965 2039 1101 2118; x_wconf 91' lang='lat' dir='ltr'>inpotens</span> <span class='ocrx_word' id='word_1_150' title='bbox 1116 2036 1196 2100; x_wconf 90' lang='lat' dir='ltr'>inani</span> <span class='ocrx_word' id='word_1_151' title='bbox 1216 2047 1232 2099; x_wconf 81' lang='grc'>3</span> 
     </span>
     <span class='ocr_line' id='line_1_19' title="bbox 133 2122 1196 2202; baseline 0.001 -19"><span class='ocrx_word' id='word_1_152' title='bbox 133 2123 231 2202; x_wconf 89' lang='lat' dir='ltr'>specie</span> <span class='ocrx_word' id='word_1_153' title='bbox 246 2122 433 2202; x_wconf 83' lang='lat' dir='ltr'>magistratus</span> <span class='ocrx_word' id='word_1_154' title='bbox 447 2123 554 2202; x_wconf 89' lang='lat' dir='ltr'>pellere</span> <span class='ocrx_word' id='word_1_155' title='bbox 569 2123 770 2184; x_wconf 86' lang='lat' dir='ltr'>dominatione</span> <span class='ocrx_word' id='word_1_156' title='bbox 784 2123 938 2202; x_wconf 87' lang='lat' dir='ltr'>incipiam,</span> <span class='ocrx_word' id='word_1_157' title='bbox 959 2131 1128 2202; x_wconf 87' lang='lat' dir='ltr'>quantoque</span> <span class='ocrx_word' id='word_1_158' title='bbox 1145 2129 1196 2184; x_wconf 91' lang='lat' dir='ltr'>tu-</span> 
     </span>
     <span class='ocr_line' id='line_1_20' title="bbox 133 2207 1283 2287; baseline 0 -19"><span class='ocrx_word' id='word_1_159' title='bbox 133 2208 193 2268; x_wconf 90' lang='lat' dir='ltr'>tius</span> <span class='ocrx_word' id='word_1_160' title='bbox 203 2207 291 2268; x_wconf 81' lang='lat' dir='ltr'>factio</span> <span class='ocrx_word' id='word_1_161' title='bbox 303 2207 461 2268; x_wconf 87' lang='lat' dir='ltr'>noxiorum</span> <span class='ocrx_word' id='word_1_162' title='bbox 472 2215 538 2286; x_wconf 84' lang='lat' dir='ltr'>agat</span> <span class='ocrx_word' id='word_1_163' title='bbox 548 2225 638 2286; x_wconf 88' lang='lat' dir='ltr'>quam</span> <span class='ocrx_word' id='word_1_164' title='bbox 648 2207 703 2268; x_wconf 92' lang='lat' dir='ltr'>soli</span> <span class='ocrx_word' id='word_1_165' title='bbox 714 2208 895 2270; x_wconf 89' lang='lat' dir='ltr'>innocentes.</span> <span class='ocrx_word' id='word_1_166' title='bbox 921 2209 972 2268; x_wconf 91' lang='lat' dir='ltr'>sed</span> <span class='ocrx_word' id='word_1_167' title='bbox 984 2215 1100 2287; x_wconf 86' lang='lat' dir='ltr'>praeter</span> <span class='ocrx_word' id='word_1_168' title='bbox 1111 2225 1195 2286; x_wconf 90' lang='lat' dir='ltr'>spem</span> <span class='ocrx_word' id='word_1_169' title='bbox 1217 2217 1240 2268; x_wconf 42' lang='lat' dir='ltr'>tv</span> <span class='ocrx_word' id='word_1_170' title='bbox 1279 2256 1283 2260; x_wconf 63' lang='lat'>.,</span> 
     </span>
    </p>

    <p class='ocr_par' dir='ltr' id='par_1_7' title="bbox 80 2291 1233 2708">
     <span class='ocr_line' id='line_1_21' title="bbox 80 2291 1195 2371; baseline 0 -17"><span class='ocrx_word' id='word_1_171' title='bbox 80 2303 114 2354; x_wconf 82' lang='lat'>20</span> <span class='ocrx_word' id='word_1_172' title='bbox 134 2293 244 2354; x_wconf 91' lang='lat' dir='ltr'>bonam</span> <span class='ocrx_word' id='word_1_173' title='bbox 259 2311 296 2353; x_wconf 83' lang='lat' dir='ltr'>ex</span> <span class='ocrx_word' id='word_1_174' title='bbox 309 2291 400 2364; x_wconf 77' lang='lat' dir='ltr'>vobio,</span> <span class='ocrx_word' id='word_1_175' title='bbox 416 2310 491 2370; x_wconf 89' lang='lat' dir='ltr'>quae</span> <span class='ocrx_word' id='word_1_176' title='bbox 506 2299 621 2352; x_wconf 90' lang='lat' dir='ltr'>metum</span> <span class='ocrx_word' id='word_1_177' title='bbox 632 2291 710 2366; x_wconf 85' lang='lat' dir='ltr'>vicit,</span> <span class='ocrx_word' id='word_1_178' title='bbox 726 2293 816 2354; x_wconf 89' lang='lat' dir='ltr'>statui</span> <span class='ocrx_word' id='word_1_179' title='bbox 827 2292 996 2354; x_wconf 81' lang='lat' dir='ltr'>certaminis</span> <span class='ocrx_word' id='word_1_180' title='bbox 1008 2293 1131 2354; x_wconf 90' lang='lat' dir='ltr'>advorsa</span> <span class='ocrx_word' id='word_1_181' title='bbox 1141 2310 1195 2371; x_wconf 91' lang='lat' dir='ltr'>pro</span> 
     </span>
     <span class='ocr_line' id='line_1_22' title="bbox 133 2377 1224 2457; baseline 0.002 -21"><span class='ocrx_word' id='word_1_182' title='bbox 133 2377 267 2438; x_wconf 87' lang='lat' dir='ltr'>libertate</span> <span class='ocrx_word' id='word_1_183' title='bbox 291 2377 406 2455; x_wconf 91' lang='lat' dir='ltr'>potiora</span> <span class='ocrx_word' id='word_1_184' title='bbox 429 2395 495 2438; x_wconf 89' lang='lat' dir='ltr'>esse</span> <span class='ocrx_word' id='word_1_185' title='bbox 518 2377 588 2438; x_wconf 86' lang='lat' dir='ltr'>forti</span> <span class='ocrx_word' id='word_1_186' title='bbox 611 2377 673 2438; x_wconf 91' lang='lat' dir='ltr'>viro</span> <span class='ocrx_word' id='word_1_187' title='bbox 696 2396 787 2457; x_wconf 89' lang='lat' dir='ltr'>quam</span> <span class='ocrx_word' id='word_1_188' title='bbox 807 2378 929 2440; x_wconf 89' lang='lat' dir='ltr'>omniuo</span> <span class='ocrx_word' id='word_1_189' title='bbox 950 2395 1011 2438; x_wconf 89' lang='lat' dir='ltr'>nou</span> <span class='ocrx_word' id='word_1_190' title='bbox 1029 2377 1224 2449; x_wconf 44' lang='lat' dir='ltr'>certavisse,</span> 
     </span>
     <span class='ocr_line' id='line_1_23' title="bbox 134 2460 1232 2540; baseline 0.002 -17"><span class='ocrx_word' id='word_1_191' title='bbox 134 2479 315 2540; x_wconf 88' lang='lat' dir='ltr'>quamquam</span> <span class='ocrx_word' id='word_1_192' title='bbox 330 2478 435 2522; x_wconf 88' lang='lat' dir='ltr'>omues</span> <span class='ocrx_word' id='word_1_193' title='bbox 450 2460 497 2520; x_wconf 89' lang='lat' dir='ltr'>alii</span> <span class='ocrx_word' id='word_1_194' title='bbox 512 2461 601 2522; x_wconf 91' lang='lat' dir='ltr'>creati</span> <span class='ocrx_word' id='word_1_195' title='bbox 615 2479 669 2540; x_wconf 93' lang='lat' dir='ltr'>pro</span> <span class='ocrx_word' id='word_1_196' title='bbox 684 2462 747 2522; x_wconf 91' lang='lat' dir='ltr'>iure</span> <span class='ocrx_word' id='word_1_197' title='bbox 762 2470 862 2522; x_wconf 88' lang='lat' dir='ltr'>vostro</span> <span class='ocrx_word' id='word_1_198' title='bbox 878 2462 937 2525; x_wconf 91' lang='lat' dir='ltr'>vim</span> <span class='ocrx_word' id='word_1_199' title='bbox 949 2469 1085 2522; x_wconf 83' lang='lat' dir='ltr'>cunctam</span> <span class='ocrx_word' id='word_1_200' title='bbox 1097 2468 1126 2521; x_wconf 88' lang='lat' dir='ltr'>et</span> <span class='ocrx_word' id='word_1_201' title='bbox 1136 2461 1196 2522; x_wconf 94' lang='lat' dir='ltr'>im·</span> <span class='ocrx_word' id='word_1_202' title='bbox 1217 2477 1232 2525; x_wconf 78' lang='lat'>5</span> 
     </span>
     <span class='ocr_line' id='line_1_24' title="bbox 133 2545 1196 2626; baseline 0.004 -20"><span class='ocrx_word' id='word_1_203' title='bbox 133 2547 215 2626; x_wconf 90' lang='lat' dir='ltr'>peria</span> <span class='ocrx_word' id='word_1_204' title='bbox 229 2565 281 2606; x_wconf 90' lang='lat' dir='ltr'>sua</span> <span class='ocrx_word' id='word_1_205' title='bbox 297 2546 389 2624; x_wconf 76' lang='lat' dir='ltr'>gratia</span> <span class='ocrx_word' id='word_1_206' title='bbox 403 2553 453 2606; x_wconf 90' lang='lat' dir='ltr'>aut</span> <span class='ocrx_word' id='word_1_207' title='bbox 468 2563 519 2625; x_wconf 90' lang='lat' dir='ltr'>spe</span> <span class='ocrx_word' id='word_1_208' title='bbox 533 2553 584 2606; x_wconf 87' lang='lat' dir='ltr'>aut</span> <span class='ocrx_word' id='word_1_209' title='bbox 594 2545 731 2624; x_wconf 88' lang='lat' dir='ltr'>praemiis</span> <span class='ocrx_word' id='word_1_210' title='bbox 743 2547 774 2606; x_wconf 91' lang='lat' dir='ltr'>in</span> <span class='ocrx_word' id='word_1_211' title='bbox 785 2565 836 2606; x_wconf 88' lang='lat' dir='ltr'>vos</span> <span class='ocrx_word' id='word_1_212' title='bbox 848 2551 1019 2607; x_wconf 87' lang='lat' dir='ltr'>convortere</span> <span class='ocrx_word' id='word_1_213' title='bbox 1030 2545 1196 2624; x_wconf 79' lang='lat' dir='ltr'>meliusque</span> 
     </span>
     <span class='ocr_line' id='line_1_25' title="bbox 135 2629 1233 2708; baseline 0 -16"><span class='ocrx_word' id='word_1_214' title='bbox 135 2631 244 2692; x_wconf 89' lang='lat' dir='ltr'>habent</span> <span class='ocrx_word' id='word_1_215' title='bbox 257 2630 393 2692; x_wconf 89' lang='lat' dir='ltr'>mercede</span> <span class='ocrx_word' id='word_1_216' title='bbox 408 2629 576 2708; x_wconf 84' lang='lat' dir='ltr'>delinquere</span> <span class='ocrx_word' id='word_1_217' title='bbox 593 2648 681 2707; x_wconf 91' lang='lat' dir='ltr'>quam</span> <span class='ocrx_word' id='word_1_218' title='bbox 696 2631 874 2708; x_wconf 85' lang='lat' dir='ltr'>gratisreote</span> <span class='ocrx_word' id='word_1_219' title='bbox 885 2630 990 2690; x_wconf 87' lang='lat' dir='ltr'>facere.</span> <span class='ocrx_word' id='word_1_220' title='bbox 1017 2630 1116 2708; x_wconf 91' lang='lat' dir='ltr'>itaque</span> <span class='ocrx_word' id='word_1_221' title='bbox 1128 2647 1195 2689; x_wconf 90' lang='lat' dir='ltr'>om·</span> <span class='ocrx_word' id='word_1_222' title='bbox 1216 2642 1233 2692; x_wconf 86' lang='lat' dir='ltr'>o</span> 
     </span>
    </p>

    <p class='ocr_par' dir='ltr' id='par_1_8' title="bbox 81 2713 1303 3135">
     <span class='ocr_line' id='line_1_26' title="bbox 81 2713 1196 2794; baseline 0 -20"><span class='ocrx_word' id='word_1_223' title='bbox 81 2723 113 2775; x_wconf 79' lang='lat'>25</span> <span class='ocrx_word' id='word_1_224' title='bbox 134 2733 190 2776; x_wconf 87' lang='lat' dir='ltr'>nes</span> <span class='ocrx_word' id='word_1_225' title='bbox 205 2733 374 2776; x_wconf 83' lang='lat' dir='ltr'>concessere</span> <span class='ocrx_word' id='word_1_226' title='bbox 388 2713 447 2775; x_wconf 91' lang='lat' dir='ltr'>iam</span> <span class='ocrx_word' id='word_1_227' title='bbox 462 2714 493 2774; x_wconf 91' lang='lat' dir='ltr'>iu</span> <span class='ocrx_word' id='word_1_228' title='bbox 507 2733 669 2794; x_wconf 89' lang='lat' dir='ltr'>paucomm</span> <span class='ocrx_word' id='word_1_229' title='bbox 685 2714 926 2787; x_wconf 86' lang='lat' dir='ltr'>dominationem,</span> <span class='ocrx_word' id='word_1_230' title='bbox 943 2714 992 2792; x_wconf 90' lang='lat' dir='ltr'>qui</span> <span class='ocrx_word' id='word_1_231' title='bbox 1004 2732 1057 2793; x_wconf 91' lang='lat' dir='ltr'>per</span> <span class='ocrx_word' id='word_1_232' title='bbox 1071 2713 1196 2774; x_wconf 89' lang='lat' dir='ltr'>militare</span> 
     </span>
     <span class='ocr_line' id='line_1_27' title="bbox 135 2799 1303 2878; baseline -0.003 -16"><span class='ocrx_word' id='word_1_233' title='bbox 135 2817 247 2862; x_wconf 91' lang='lat' dir='ltr'>nomen</span> <span class='ocrx_word' id='word_1_234' title='bbox 260 2800 406 2862; x_wconf 88' lang='lat' dir='ltr'>aerarium</span> <span class='ocrx_word' id='word_1_235' title='bbox 422 2801 566 2860; x_wconf 78' lang='lat' dir='ltr'>exercitus</span> <span class='ocrx_word' id='word_1_236' title='bbox 580 2816 670 2877; x_wconf 82' lang='lat' dir='ltr'>regua</span> <span class='ocrx_word' id='word_1_237' title='bbox 684 2799 847 2878; x_wconf 89' lang='lat' dir='ltr'>provincias</span> <span class='ocrx_word' id='word_1_238' title='bbox 862 2817 1040 2878; x_wconf 86' lang='lat' dir='ltr'>occupavere</span> <span class='ocrx_word' id='word_1_239' title='bbox 1053 2805 1084 2858; x_wconf 89' lang='lat' dir='ltr'>et</span> <span class='ocrx_word' id='word_1_240' title='bbox 1098 2817 1196 2871; x_wconf 87' lang='lat' dir='ltr'>arcem</span> <span class='ocrx_word' id='word_1_241' title='bbox 1299 2801 1303 2809; x_wconf 92' lang='lat'>&#39;</span> 
     </span>
     <span class='ocr_line' id='line_1_28' title="bbox 134 2882 1197 2964; baseline -0.002 -18"><span class='ocrx_word' id='word_1_242' title='bbox 134 2885 295 2946; x_wconf 80' lang='lat' dir='ltr'>habentor</span> <span class='ocrx_word' id='word_1_243' title='bbox 309 2883 411 2964; x_wconf 91' lang='lat' dir='ltr'>spoliis</span> <span class='ocrx_word' id='word_1_244' title='bbox 425 2884 539 2956; x_wconf 88' lang='lat' dir='ltr'>vostris,</span> <span class='ocrx_word' id='word_1_245' title='bbox 556 2902 625 2944; x_wconf 90' lang='lat' dir='ltr'>cum</span> <span class='ocrx_word' id='word_1_246' title='bbox 637 2884 755 2944; x_wconf 90' lang='lat' dir='ltr'>interim</span> <span class='ocrx_word' id='word_1_247' title='bbox 771 2901 854 2944; x_wconf 90' lang='lat' dir='ltr'>more</span> <span class='ocrx_word' id='word_1_248' title='bbox 870 2902 1013 2962; x_wconf 86' lang='lat' dir='ltr'>pecorum</span> <span class='ocrx_word' id='word_1_249' title='bbox 1029 2901 1080 2944; x_wconf 92' lang='lat' dir='ltr'>vos</span> <span class='ocrx_word' id='word_1_250' title='bbox 1095 2882 1197 2944; x_wconf 87' lang='lat' dir='ltr'>multi-</span> 
     </span>
     <span class='ocr_line' id='line_1_29' title="bbox 134 2967 1196 3048; baseline 0 -18"><span class='ocrx_word' id='word_1_251' title='bbox 134 2969 207 3032; x_wconf 91' lang='lat' dir='ltr'>tudo</span> <span class='ocrx_word' id='word_1_252' title='bbox 236 2968 359 3048; x_wconf 80' lang='lat' dir='ltr'>singulis</span> <span class='ocrx_word' id='word_1_253' title='bbox 379 2967 529 3031; x_wconf 90' lang='lat' dir='ltr'>habendos</span> <span class='ocrx_word' id='word_1_254' title='bbox 548 2968 747 3048; x_wconf 82' lang='lat' dir='ltr'>fruendosque</span> <span class='ocrx_word' id='word_1_255' title='bbox 768 2968 928 3048; x_wconf 88' lang='lat' dir='ltr'>praebetis,</span> <span class='ocrx_word' id='word_1_256' title='bbox 959 2968 1039 3030; x_wconf 86' lang='lat' dir='ltr'>exuti</span> <span class='ocrx_word' id='word_1_257' title='bbox 1058 2968 1196 3042; x_wconf 88' lang='lat' dir='ltr'>omnibus</span> 
     </span>
     <span class='ocr_line' id='line_1_30' title="bbox 135 3049 1198 3135; baseline 0 -21"><span class='ocrx_word' id='word_1_258' title='bbox 135 3073 210 3134; x_wconf 90' lang='lat' dir='ltr'>quae</span> <span class='ocrx_word' id='word_1_259' title='bbox 225 3055 352 3115; x_wconf 86' lang='lat' dir='ltr'>maiores</span> <span class='ocrx_word' id='word_1_260' title='bbox 365 3049 526 3132; x_wconf 69' lang='lat' dir='ltr'>reliquere,</span> <span class='ocrx_word' id='word_1_261' title='bbox 544 3052 601 3113; x_wconf 89' lang='lat' dir='ltr'>uisi</span> <span class='ocrx_word' id='word_1_262' title='bbox 617 3053 684 3130; x_wconf 92' lang='lat' dir='ltr'>quia</span> <span class='ocrx_word' id='word_1_263' title='bbox 697 3053 843 3114; x_wconf 87' lang='lat' dir='ltr'>vobismet</span> <span class='ocrx_word' id='word_1_264' title='bbox 857 3053 912 3132; x_wconf 91' lang='lat' dir='ltr'>ipsi</span> <span class='ocrx_word' id='word_1_265' title='bbox 927 3072 980 3135; x_wconf 88' lang='lat' dir='ltr'>per</span> <span class='ocrx_word' id='word_1_266' title='bbox 995 3053 1144 3132; x_wconf 81' lang='lat' dir='ltr'>suffragia,</span> <span class='ocrx_word' id='word_1_267' title='bbox 1163 3060 1198 3114; x_wconf 90' lang='lat' dir='ltr'>ut</span> 
     </span>
    </p>

    <p class='ocr_par' dir='ltr' id='par_1_9' title="bbox 84 3137 1234 3557">
     <span class='ocr_line' id='line_1_31' title="bbox 84 3137 1233 3219; baseline 0.001 -22"><span class='ocrx_word' id='word_1_268' title='bbox 84 3147 117 3198; x_wconf 79' lang='lat'>30</span> <span class='ocrx_word' id='word_1_269' title='bbox 135 3139 285 3219; x_wconf 90' lang='lat' dir='ltr'>praesides</span> <span class='ocrx_word' id='word_1_270' title='bbox 301 3139 381 3210; x_wconf 90' lang='lat' dir='ltr'>olim,</span> <span class='ocrx_word' id='word_1_271' title='bbox 397 3155 476 3198; x_wconf 91' lang='lat' dir='ltr'>nunc</span> <span class='ocrx_word' id='word_1_272' title='bbox 490 3137 627 3198; x_wconf 89' lang='lat' dir='ltr'>dominos</span> <span class='ocrx_word' id='word_1_273' title='bbox 642 3138 804 3198; x_wconf 88' lang='lat' dir='ltr'>destinatis.</span> <span class='ocrx_word' id='word_1_274' title='bbox 830 3139 928 3218; x_wconf 86' lang='lat' dir='ltr'>itaque</span> <span class='ocrx_word' id='word_1_275' title='bbox 944 3156 1114 3199; x_wconf 87' lang='lat' dir='ltr'>concessere</span> <span class='ocrx_word' id='word_1_276' title='bbox 1129 3137 1199 3199; x_wconf 89' lang='lat' dir='ltr'>illuc</span> <span class='ocrx_word' id='word_1_277' title='bbox 1218 3149 1233 3199; x_wconf 78' lang='lat' dir='ltr'>t</span> 
     </span>
     <span class='ocr_line' id='line_1_32' title="bbox 136 3222 1196 3302; baseline -0.003 -17"><span class='ocrx_word' id='word_1_278' title='bbox 136 3241 250 3296; x_wconf 90' lang='lat' dir='ltr'>omnes,</span> <span class='ocrx_word' id='word_1_279' title='bbox 266 3231 296 3284; x_wconf 92' lang='lat' dir='ltr'>at</span> <span class='ocrx_word' id='word_1_280' title='bbox 310 3222 429 3295; x_wconf 64' lang='lat' dir='ltr'>morsi</span> <span class='ocrx_word' id='word_1_281' title='bbox 444 3231 542 3282; x_wconf 90' lang='lat' dir='ltr'>vostra</span> <span class='ocrx_word' id='word_1_282' title='bbox 556 3223 734 3302; x_wconf 88' lang='lat' dir='ltr'>receperitis,</span> <span class='ocrx_word' id='word_1_283' title='bbox 750 3223 787 3282; x_wconf 91' lang='lat' dir='ltr'>ad</span> <span class='ocrx_word' id='word_1_284' title='bbox 802 3243 854 3283; x_wconf 94' lang='lat' dir='ltr'>vos</span> <span class='ocrx_word' id='word_1_285' title='bbox 865 3223 1005 3302; x_wconf 89' lang='lat' dir='ltr'>plerique.</span> <span class='ocrx_word' id='word_1_286' title='bbox 1031 3223 1105 3284; x_wconf 87' lang='lat' dir='ltr'>raris</span> <span class='ocrx_word' id='word_1_287' title='bbox 1116 3223 1196 3282; x_wconf 90' lang='lat' dir='ltr'>enim</span> 
     </span>
     <span class='ocr_line' id='line_1_33' title="bbox 135 3307 1196 3386; baseline -0.003 -16"><span class='ocrx_word' id='word_1_288' title='bbox 135 3309 252 3370; x_wconf 89' lang='lat' dir='ltr'>animus</span> <span class='ocrx_word' id='word_1_289' title='bbox 271 3315 318 3368; x_wconf 91' lang='lat' dir='ltr'>est</span> <span class='ocrx_word' id='word_1_290' title='bbox 337 3308 374 3370; x_wconf 90' lang='lat' dir='ltr'>ad</span> <span class='ocrx_word' id='word_1_291' title='bbox 392 3327 440 3380; x_wconf 89' lang='lat' dir='ltr'>ea,</span> <span class='ocrx_word' id='word_1_292' title='bbox 463 3325 537 3386; x_wconf 92' lang='lat' dir='ltr'>quae</span> <span class='ocrx_word' id='word_1_293' title='bbox 555 3307 684 3386; x_wconf 91' lang='lat' dir='ltr'>placent,</span> <span class='ocrx_word' id='word_1_294' title='bbox 703 3308 897 3378; x_wconf 81' lang='lat' dir='ltr'>defenduuda,</span> <span class='ocrx_word' id='word_1_295' title='bbox 919 3307 1009 3368; x_wconf 91' lang='lat' dir='ltr'>ceteri</span> <span class='ocrx_word' id='word_1_296' title='bbox 1022 3307 1196 3374; x_wconf 87' lang='lat' dir='ltr'>validiorum</span> 
     </span>
     <span class='ocr_line' id='line_1_34' title="bbox 135 3391 1234 3469; baseline -0.002 -15"><span class='ocrx_word' id='word_1_297' title='bbox 135 3401 214 3454; x_wconf 89' lang='lat' dir='ltr'>sunt.</span> <span class='ocrx_word' id='word_1_298' title='bbox 244 3411 282 3454; x_wconf 88' lang='lat' dir='ltr'>an</span> <span class='ocrx_word' id='word_1_299' title='bbox 304 3391 428 3452; x_wconf 90' lang='lat' dir='ltr'>dubium</span> <span class='ocrx_word' id='word_1_300' title='bbox 448 3391 576 3463; x_wconf 88' lang='lat' dir='ltr'>habetis,</span> <span class='ocrx_word' id='word_1_301' title='bbox 598 3409 671 3452; x_wconf 90' lang='lat' dir='ltr'>num</span> <span class='ocrx_word' id='word_1_302' title='bbox 693 3393 810 3454; x_wconf 87' lang='lat' dir='ltr'>officere</span> <span class='ocrx_word' id='word_1_303' title='bbox 830 3391 900 3469; x_wconf 91' lang='lat' dir='ltr'>quid</span> <span class='ocrx_word' id='word_1_304' title='bbox 919 3391 1002 3452; x_wconf 89' lang='lat' dir='ltr'>vobis</span> <span class='ocrx_word' id='word_1_305' title='bbox 1021 3407 1082 3450; x_wconf 90' lang='lat' dir='ltr'>uuo</span> <span class='ocrx_word' id='word_1_306' title='bbox 1098 3391 1197 3452; x_wconf 88' lang='lat' dir='ltr'>animo</span> <span class='ocrx_word' id='word_1_307' title='bbox 1218 3401 1234 3452; x_wconf 86' lang='lat'>8</span> 
     </span>
     <span class='ocr_line' id='line_1_35' title="bbox 134 3472 1198 3557; baseline -0.003 -18"><span class='ocrx_word' id='word_1_308' title='bbox 134 3477 325 3557; x_wconf 84' lang='lat' dir='ltr'>pergentibus</span> <span class='ocrx_word' id='word_1_309' title='bbox 339 3476 443 3556; x_wconf 90' lang='lat' dir='ltr'>possit,</span> <span class='ocrx_word' id='word_1_310' title='bbox 459 3495 533 3555; x_wconf 94' lang='lat' dir='ltr'>quos</span> <span class='ocrx_word' id='word_1_311' title='bbox 548 3477 700 3554; x_wconf 86' lang='lat' dir='ltr'>languidos</span> <span class='ocrx_word' id='word_1_312' title='bbox 714 3475 911 3553; x_wconf 87' lang='lat' dir='ltr'>socordesque</span> <span class='ocrx_word' id='word_1_313' title='bbox 925 3472 1127 3554; x_wconf 72' lang='lat' dir='ltr'>pertimuere?</span> <span class='ocrx_word' id='word_1_314' title='bbox 1141 3475 1198 3536; x_wconf 90' lang='lat' dir='ltr'>nisi</span> 
     </span>
    </p>
   </div>
   <div class='ocr_carea' id='block_1_5' title="bbox 84 3560 1334 3638">
    <p class='ocr_par' dir='ltr' id='par_1_10' title="bbox 84 3560 1416 3652">
     <span class='ocr_line' id='line_1_36' title="bbox 84 3560 1334 3638; baseline 0.002 -19"><span class='ocrx_word' id='word_1_315' title='bbox 84 3565 116 3619; x_wconf 81' lang='grc'>35</span> <span class='ocrx_word' id='word_1_316' title='bbox 135 3563 212 3624; x_wconf 77' lang='lat' dir='ltr'>sorte</span> <span class='ocrx_word' id='word_1_317' title='bbox 228 3562 259 3622; x_wconf 88' lang='lat' dir='ltr'>C.</span> <span class='ocrx_word' id='word_1_318' title='bbox 275 3561 377 3633; x_wconf 83' lang='lat' dir='ltr'>Cotta,</span> <span class='ocrx_word' id='word_1_319' title='bbox 398 3561 574 3622; x_wconf 83' lang='lat' dir='ltr'>exsectione</span> <span class='ocrx_word' id='word_1_320' title='bbox 590 3561 685 3621; x_wconf 90' lang='lat' dir='ltr'>media</span> <span class='ocrx_word' id='word_1_321' title='bbox 700 3561 819 3632; x_wconf 89' lang='lat' dir='ltr'>consul,</span> <span class='ocrx_word' id='word_1_322' title='bbox 835 3560 919 3620; x_wconf 88' lang='lat' dir='ltr'>aliter</span> <span class='ocrx_word' id='word_1_323' title='bbox 934 3579 1023 3638; x_wconf 90' lang='lat' dir='ltr'>quam</span> <span class='ocrx_word' id='word_1_324' title='bbox 1038 3568 1121 3619; x_wconf 91' lang='lat' dir='ltr'>metu</span> <span class='ocrx_word' id='word_1_325' title='bbox 1135 3560 1236 3630; x_wconf 53' lang='lat' dir='ltr'>iura,</span> <span class='ocrx_word' id='word_1_326' title='bbox 1332 3611 1334 3614; x_wconf 94' lang='lat'>.</span> 
     </span>
    </p>
   </div>
   <div class='ocr_carea' id='block_1_6' title="bbox 136 3643 1197 3725">
    <p class='ocr_par' dir='ltr' id='par_1_11' title="bbox 136 3643 1197 3725">
     <span class='ocr_line' id='line_1_37' title="bbox 136 3643 1197 3725; baseline -0.002 -18"><span class='ocrx_word' id='word_1_327' title='bbox 136 3647 281 3725; x_wconf 85' lang='lat' dir='ltr'>quaedem</span> <span class='ocrx_word' id='word_1_328' title='bbox 296 3645 422 3706; x_wconf 90' lang='lat' dir='ltr'>tribunis</span> <span class='ocrx_word' id='word_1_329' title='bbox 438 3645 531 3724; x_wconf 90' lang='lat' dir='ltr'>plebis</span> <span class='ocrx_word' id='word_1_330' title='bbox 545 3645 682 3706; x_wconf 90' lang='lat' dir='ltr'>restituit.</span> <span class='ocrx_word' id='word_1_331' title='bbox 711 3651 742 3705; x_wconf 90' lang='lat' dir='ltr'>et</span> <span class='ocrx_word' id='word_1_332' title='bbox 756 3662 935 3723; x_wconf 91' lang='lat' dir='ltr'>quamquam</span> <span class='ocrx_word' id='word_1_333' title='bbox 948 3643 980 3704; x_wconf 88' lang='lat' dir='ltr'>L.</span> <span class='ocrx_word' id='word_1_334' title='bbox 997 3643 1123 3706; x_wconf 87' lang='lat' dir='ltr'>Sicinius</span> <span class='ocrx_word' id='word_1_335' title='bbox 1134 3645 1197 3723; x_wconf 90' lang='lat' dir='ltr'>pri-</span> 
     </span>
    </p>
   </div>
   <div class='ocr_carea' id='block_1_7' title="bbox 205 3853 1197 3930">
    <p class='ocr_par' dir='ltr' id='par_1_12' title="bbox 205 3853 1197 3930">
     <span class='ocr_line' id='line_1_38' title="bbox 205 3853 1197 3930; baseline -0.003 -16"><span class='ocrx_word' id='word_1_336' title='bbox 205 3863 220 3913; x_wconf 81' lang='lat'>2</span> <span class='ocrx_word' id='word_1_337' title='bbox 239 3878 302 3929; x_wconf 86' lang='lat' dir='ltr'>quac</span> <span class='ocrx_word' id='word_1_338' title='bbox 313 3867 373 3913; x_wconf 80' lang='lat' dir='ltr'>eote</span> <span class='ocrx_word' id='word_1_339' title='bbox 385 3863 454 3913; x_wconf 88' lang='lat' dir='ltr'>ultro</span> <span class='ocrx_word' id='word_1_340' title='bbox 467 3879 515 3912; x_wconf 86' lang='lat' dir='ltr'>om.</span> <span class='ocrx_word' id='word_1_341' title='bbox 531 3861 565 3926; x_wconf 90' lang='lat' dir='ltr'>V,</span> <span class='ocrx_word' id='word_1_342' title='bbox 577 3866 687 3914; x_wconf 72' lang='lat' dir='ltr'>inseruit</span> <span class='ocrx_word' id='word_1_343' title='bbox 701 3861 784 3913; x_wconf 82' lang='lat' dir='ltr'>Aldus</span> <span class='ocrx_word' id='word_1_344' title='bbox 796 3861 805 3930; x_wconf 72' lang='lat' dir='ltr'>{l</span> <span class='ocrx_word' id='word_1_345' title='bbox 819 3863 834 3913; x_wconf 84' lang='lat'><strong>3</strong></span> <span class='ocrx_word' id='word_1_346' title='bbox 848 3853 968 3930; x_wconf 82' lang='lat' dir='ltr'>onerique</span> <span class='ocrx_word' id='word_1_347' title='bbox 982 3863 1010 3915; x_wconf 88' lang='lat' dir='ltr'><em>V</em></span> <span class='ocrx_word' id='word_1_348' title='bbox 1024 3862 1062 3930; x_wconf 75' lang='grc'>[19</span> <span class='ocrx_word' id='word_1_349' title='bbox 1075 3859 1197 3913; x_wconf 81' lang='lat' dir='ltr'><strong>ORATIO</strong></span> 
     </span>
    </p>
   </div>
   <div class='ocr_carea' id='block_1_8' title="bbox 137 3935 1199 4150">
    <p class='ocr_par' dir='ltr' id='par_1_13' title="bbox 137 3935 1199 4150">
     <span class='ocr_line' id='line_1_39' title="bbox 137 3935 1199 4016; baseline -0.002 -19"><span class='ocrx_word' id='word_1_350' title='bbox 137 3946 241 3998; x_wconf 80' lang='lat' dir='ltr'>uacat</span> <span class='ocrx_word' id='word_1_351' title='bbox 253 3947 328 3998; x_wconf 84' lang='lat' dir='ltr'>rara</span> <span class='ocrx_word' id='word_1_352' title='bbox 341 3988 346 3998; x_wconf 87' lang='lat'><em>.</em></span> <span class='ocrx_word' id='word_1_353' title='bbox 359 3947 441 3998; x_wconf 79' lang='lat' dir='ltr'>rtur</span> <span class='ocrx_word' id='word_1_354' title='bbox 455 3987 460 3998; x_wconf 93' lang='lat'><em>.</em></span> <span class='ocrx_word' id='word_1_355' title='bbox 473 3947 518 3998; x_wconf 81' lang='lat' dir='ltr'>au</span> <span class='ocrx_word' id='word_1_356' title='bbox 530 3935 579 3998; x_wconf 60' lang='lat' dir='ltr'>ri.</span> <span class='ocrx_word' id='word_1_357' title='bbox 593 3948 622 3999; x_wconf 87' lang='lat' dir='ltr'><em>V</em></span> <span class='ocrx_word' id='word_1_358' title='bbox 637 3945 646 4015; x_wconf 77' lang='lat' dir='ltr'>p</span> <span class='ocrx_word' id='word_1_359' title='bbox 666 3949 696 3998; x_wconf 85' lang='lat'>13</span> <span class='ocrx_word' id='word_1_360' title='bbox 713 3949 897 4013; x_wconf 81' lang='lat' dir='ltr'>docendumque</span> <span class='ocrx_word' id='word_1_361' title='bbox 910 3949 1067 4016; x_wconf 60' lang='lat' dir='ltr'>rasponus</span> <span class='ocrx_word' id='word_1_362' title='bbox 1084 3945 1181 3998; x_wconf 68' lang='lat' dir='ltr'>ratas</span> <span class='ocrx_word' id='word_1_363' title='bbox 1190 3946 1199 4012; x_wconf 80' lang='lat' dir='ltr'>p</span> 
     </span>
     <span class='ocr_line' id='line_1_40' title="bbox 137 4015 1198 4083; baseline -0.001 -19"><span class='ocrx_word' id='word_1_364' title='bbox 137 4015 170 4064; x_wconf 80' lang='grc'>29</span> <span class='ocrx_word' id='word_1_365' title='bbox 188 4015 315 4065; x_wconf 88' lang='lat' dir='ltr'>nobismet</span> <span class='ocrx_word' id='word_1_366' title='bbox 326 4017 374 4080; x_wconf 88' lang='lat' dir='ltr'>ipsi</span> <span class='ocrx_word' id='word_1_367' title='bbox 389 4015 500 4079; x_wconf 77' lang='lat' dir='ltr'>Cealius,</span> <span class='ocrx_word' id='word_1_368' title='bbox 512 4017 710 4082; x_wconf 86' lang='lat' dir='ltr'>uobismetipsis</span> <span class='ocrx_word' id='word_1_369' title='bbox 723 4016 757 4079; x_wconf 90' lang='lat' dir='ltr'>V,</span> <span class='ocrx_word' id='word_1_370' title='bbox 769 4024 867 4067; x_wconf 87' lang='lat' dir='ltr'>uosmet</span> <span class='ocrx_word' id='word_1_371' title='bbox 879 4016 928 4083; x_wconf 91' lang='lat' dir='ltr'>ipsi</span> <span class='ocrx_word' id='word_1_372' title='bbox 939 4016 1024 4066; x_wconf 81' lang='lat' dir='ltr'>Aldus</span> <span class='ocrx_word' id='word_1_373' title='bbox 1040 4015 1050 4082; x_wconf 82' lang='lat' dir='ltr'>d</span> <span class='ocrx_word' id='word_1_374' title='bbox 1064 4015 1096 4064; x_wconf 86' lang='lat'>32</span> <span class='ocrx_word' id='word_1_375' title='bbox 1115 4015 1198 4064; x_wconf 83' lang='lat' dir='ltr'>iacent</span> 
     </span>
     <span class='ocr_line' id='line_1_41' title="bbox 140 4081 685 4150; baseline -0.002 -17"><span class='ocrx_word' id='word_1_376' title='bbox 140 4083 253 4134; x_wconf 75' lang='lat' dir='ltr'>Mdbliua</span> <span class='ocrx_word' id='word_1_377' title='bbox 264 4081 327 4135; x_wconf 86' lang='lat' dir='ltr'>Nor.</span> <span class='ocrx_word' id='word_1_378' title='bbox 340 4100 401 4134; x_wconf 80' lang='lat' dir='ltr'>ann.</span> <span class='ocrx_word' id='word_1_379' title='bbox 413 4084 462 4134; x_wconf 81' lang='lat' dir='ltr'>vol.</span> <span class='ocrx_word' id='word_1_380' title='bbox 474 4083 578 4136; x_wconf 80' lang='lat' dir='ltr'><em>LXXV</em></span> <span class='ocrx_word' id='word_1_381' title='bbox 576 4084 605 4134; x_wconf 87' lang='grc' dir='ltr'>ΙΙ</span> <span class='ocrx_word' id='word_1_382' title='bbox 610 4099 638 4150; x_wconf 89' lang='lat' dir='ltr'>p.</span> <span class='ocrx_word' id='word_1_383' title='bbox 652 4083 685 4132; x_wconf 80' lang='lat'>80</span> 
     </span>
    </p>
   </div>
   <div class='ocr_carea' id='block_1_9' title="bbox 0 0 1438 4678">
    <p class='ocr_par' dir='ltr' id='par_1_14' title="bbox 0 0 1438 4678">
     <span class='ocr_line' id='line_1_42' title="bbox 0 0 1438 4678; baseline 0 0"><span class='ocrx_word' id='word_1_384' title='bbox 0 0 1438 4678; x_wconf 95' lang='lat' dir='ltr'> </span> 
     </span>
    </p>
   </div>
  </div>
 </body>
</html>
