2846 4682
422 387 466 436 ΒΕ
484 383 731 439 coumuarroud
749 385 926 438 CATILINAE
1038 447 1040 452 ,
1165 393 1199 452 11

108 546 121 580 ⁸
142 541 230 602 tionis
245 541 362 602 docere.
392 540 443 601 ubi
455 542 525 602 satis
537 542 685 621 explorata
696 549 766 602 sunt
781 561 855 622 quae
870 542 971 615 voluit,
987 543 1123 604 inunum
1135 561 1201 604 ome
1223 557 1238 608 2

142 627 188 688 nis
201 634 345 688 convocat
360 625 466 705 quibus
482 645 620 688 maxuma
634 628 821 688 necessitudo
836 635 865 688 et
879 629 1053 707 plurumum
1067 629 1201 690 audaciae
1241 637 1243 646 '

141 713 244 774 iuerat.
275 732 311 772 eo
327 729 489 772 convenere
503 712 642 773 senatorii
657 713 766 774 ordinis
781 713 814 772 P.
831 713 972 774 Lentulus
988 715 1075 785 Sura,
1091 713 1125 774 P.
1140 713 1201 775 Au·
1223 725 1239 774 3

141 797 270 869 tremus,
298 797 330 856 L.
353 797 470 858 Cassius
491 796 656 877 Longinus,
683 797 885 876 uuethegus,
909 799 941 858 Ρ.
966 805 996 859 et
1019 800 1082 860 Ser.
1105 799 1202 860 Sullae
1240 850 1241 858 ,

15 899 16 902 ’
107 893 120 944 t
142 883 206 944 Ser.
226 881 286 954 lilii,
302 881 335 942 L.
346 881 554 961 Vargunteius,
570 882 604 955 Q.
617 882 738 955 Annius,
753 881 790 943 Μ.
802 883 924 943 Porcius
935 881 1035 954 Laeca,
1051 883 1083 944 L.
1095 883 1201 960 bestia,

140 967 177 1040 Q.
202 967 327 1040 Curius3
346 974 497 1046 praeterea
522 987 558 1028 ox
580 969 710 1046 equestri
733 968 846 1029 ordine·
861 967 897 1028 bl.
922 968 1040 1029 Fulvius
1060 969 1200 1042 Nobilior,
1223 981 1239 1032 4

140 1052 173 1113 L.
191 1051 337 1124 Statilius,
358 1051 391 1112 P.
409 1051 547 1113 Gabinius
562 1053 679 1132 Capito,
700 1053 731 1114 C.
748 1053 917 1126 Cornelius3
938 1054 974 1113 ad
993 1055 1050 1114 hcc
1064 1055 1151 1115 multi
1165 1075 1202 1116 ex

141 1137 264 1214 coloniis
285 1144 314 1198 et
334 1137 517 1217 municipiis,
539 1137 621 1199 domi
635 1138 756 1200 nobiles.
786 1146 870 1198 erant
883 1145 1032 1218 praeterea
1047 1139 1201 1218 conplures
1223 1153 1237 1202 5

140 1221 228 1302 paulo
249 1222 393 1284 occultius
416 1222 520 1283 consili
545 1223 667 1284 huiusce
685 1223 841 1303 participes
862 1223 989 1296 nobiles
1016 1243 1090 1302 quos
1109 1225 1201 1304 magis
1308 1261 1309 1264 =

88 1319 119 1368 10
139 1307 349 1368 dominationis
369 1327 436 1388 spes
456 1307 630 1370 hortabatur
649 1327 737 1388 quam
757 1308 856 1388 inopia
870 1316 921 1369 aut
935 1309 990 1370 alia
1004 1309 1201 1372 necessitudo.
1223 1327 1226 1346 ⁸

140 1399 273 1474 ceterum
287 1393 423 1454 iuventus
437 1393 591 1472 pleraque,
608 1393 660 1454 sed
674 1411 811 1454 maxume
826 1393 984 1467 nobilium,
1001 1394 1138 1456 Catilinae
1153 1394 1200 1456 in·
1221 1409 1237 1458 6

139 1478 232 1558 ceptis
251 1478 380 1550 larebat,
404 1478 510 1558 quibus
528 1480 559 1538 in
579 1479 640 1539 otio
659 1479 704 1540 vel
727 1479 879 1558 magnifice
898 1479 943 1541 vel
964 1479 1092 1540 molliter
1106 1481 1200 1542 vivere

140 1563 224 1642 copia
244 1571 321 1636 erat,
351 1564 461 1624 incerta
473 1583 535 1643 pro
557 1563 658 1636 certiS,
680 1564 790 1625 bellum
811 1579 900 1642 quam
921 1583 1024 1644 pacem
1043 1565 1199 1626 malebant.

137 1649 222 1709 fuere
252 1647 324 1709 item
348 1669 383 1710 ea
401 1656 576 1728 tempestate
597 1649 646 1728 qui
666 1649 818 1710 crederent
836 1649 874 1712 Μ.
894 1649 1040 1710 Licinium
1063 1649 1201 1712 Crassum
1220 1665 1233 1712 7

86 1743 117 1792 15
137 1751 200 1794 non
214 1734 349 1812 ignarum
368 1735 430 1794 eius
446 1734 549 1794 consili
563 1733 669 1795 fuisse:
691 1735 759 1814 quia
775 1735 826 1796 Cn.
847 1735 1005 1814 Pompeius
1020 1735 1131 1797 invisus
1146 1735 1202 1814 ipsi
1305 1753 1307 1762 ¹

138 1837 281 1898 magnum
296 1819 456 1880 exercitum
472 1819 619 1892 ductabat,
636 1817 763 1880 cuiusvis
779 1839 850 1900 opes
865 1820 991 1880 voluisse
1006 1827 1108 1881 contra
1122 1821 1200 1882 illius

137 1904 303 1984 potentiam
314 1923 455 1976 creseere,
472 1904 561 1966 simul
573 1905 727 1977 confisum,
743 1905 768 1964 si
780 1903 942 1966 coniuratio
953 1905 1100 1976 valuisset,
1116 1905 1200 1966 facilc
1229 1918 1232 1929 '

139 1990 216 2069 apud
230 1989 297 2050 illos
311 1989 475 2069 principem
490 2009 521 2050 se
537 1991 610 2050 fore.
745 2063 746 2066 Ἴ
997 1991 1001 1996 ’

224 2075 283 2134 Sed
310 2081 395 2136 antea
419 2075 489 2134 item
515 2074 702 2134 coniuravere
728 2074 934 2152 paucioontca
955 2075 1195 2153 rempublicam,
1220 2082 1259 2144 18

85 2172 118 2222 20
139 2159 171 2218 in
196 2157 260 2238 quis
288 2159 409 2220 Catilina
433 2159 504 2233 fuit,
531 2159 566 2218 de
593 2177 650 2238 qua
676 2177 765 2238 quam
786 2160 946 2220 verissume
967 2167 1070 2239 potero
1092 2161 1195 2222 dicam.
1219 2176 1234 2226 2
1268 2213 1272 2220 ,

138 2243 170 2303 L.
187 2243 271 2305 Tude
291 2251 327 2305 et
339 2243 386 2304 Μ’.
403 2243 512 2324 Lepido
533 2243 702 2305 consulibus
719 2244 751 2304 P.
767 2244 927 2305 Autronius
944 2252 977 2306 et
996 2245 1028 2306 P.
1048 2245 1127 2306 Sulla
1145 2247 1197 2307 de-

137 2329 242 2408 signati
271 2329 407 2390 consules
430 2329 540 2409 legibus
565 2329 693 2390 ambitus
717 2329 888 2410 interrogati
912 2348 1022 2409 poenas
1048 2331 1197 2392 dederant.

136 2421 205 2494 post
226 2415 313 2493 paulo
335 2413 457 2475 Catilina
479 2415 669 2494 pecuniarum
690 2416 920 2493 repetundarum
942 2434 1011 2476 reus
1033 2415 1198 2494 prohibitus
1220 2431 1234 2482 3

136 2507 200 2560 erat
219 2499 406 2560 consulatum
421 2507 534 2582 petere,
559 2501 639 2578 quod
659 2500 735 2560 intra
754 2501 909 2580 legitumos
921 2501 982 2561 dies
997 2501 1128 2580 proliteri
1142 2519 1197 2563 ne-

86 2597 116 2648 25
138 2584 272 2663 quiverit.
301 2593 364 2646 erat
380 2585 482 2646 eodem
498 2593 632 2665 tempore
650 2585 701 2646 Cn.
714 2585 792 2656 Piso,
810 2585 979 2646 adulescens
991 2586 1097 2647 nobilis
1111 2606 1195 2646 sum·
1218 2603 1234 2652 4

137 2689 203 2730 mae
217 2669 367 2743 audaciae,
388 2689 476 2748 egens
495 2670 648 2740 factiosus,
666 2689 754 2748 quem
770 2671 805 2730 ad
819 2670 1047 2748 perturbandam
1061 2690 1125 2732 rem
1140 2691 1196 2750 pu-

135 2753 242 2817 blicam
261 2755 359 2834 inopia
378 2763 465 2834 atque
485 2754 554 2814 mali
573 2772 672 2814 mores
692 2755 891 2816 stimulabant.
921 2773 989 2815 oum
1004 2755 1062 2816 hoo
1076 2757 1196 2817 Catilina
1219 2773 1233 2820 s

137 2849 166 2900 et
180 2839 341 2900 Autronius
357 2840 471 2900 circiter
485 2839 761 2918 nonassllecembris
777 2839 898 2901 consilio
913 2841 1130 2902 communicato
1142 2861 1195 2922 pa-

136 2925 240 2986 rabant
255 2925 286 2985 in
297 2925 439 3005 Capitolio
450 2923 582 2986 kalendis
593 2923 734 2986 ianuariis
745 2924 778 2986 L.
794 2925 910 2986 Cottam
922 2933 951 2986 et
962 2925 994 2986 L.
1011 2926 1195 3005 Torquatum

86 3021 116 3072 30
136 3010 272 3071 consules
287 3011 460 3090 interficere,
475 3009 531 3088 ipsi
542 3009 670 3071 fascibus
681 3011 822 3090 correptis
834 3005 973 3072 Pisonem
986 3029 1054 3071 cum
1066 3013 1195 3074 exercitu

137 3095 173 3157 ad
194 3095 367 3174 optinendas
389 3096 460 3155 duas
479 3095 632 3174 Hispanias
652 3095 777 3156 mittere.
808 3115 841 3156 ea
860 3115 891 3156 re
914 3097 1028 3175 cognita
1046 3115 1150 3164 rursus
1165 3098 1195 3157 in
1216 3113 1231 3162 e

136 3197 230 3241 nonas
249 3179 420 3240 Februarias
440 3179 594 3241 consilium
615 3181 709 3240 caedis
728 3181 947 3242 transtulerant.
982 3182 1041 3242 iam
1055 3189 1120 3242 tum
1134 3199 1196 3242 non
1218 3199 1232 3247 7

137 3265 307 3326 consulibus
327 3265 416 3326 modo
436 3266 487 3326 sed
507 3265 654 3344 plerisque
669 3265 853 3326 senatoribus
868 3267 1027 3345 perniciem
1043 3267 1194 3328 machina-

137 3350 253 3424 bantur.
284 3350 395 3430 quodni
410 3349 530 3412 Catilina
545 3357 721 3410 maturasset
732 3369 786 3430 pro
798 3351 877 3420 curia
888 3351 1005 3430 siguum
1017 3352 1104 3412 sociis
1116 3352 1231 3423 dares
1320 3422 1323 3427 ⁸
1407 3389 1408 3392 =

86 3446 116 3496 35
137 3455 172 3496 eo
188 3435 234 3496 die
248 3443 316 3514 post
330 3435 477 3498 conditam
488 3435 594 3496 urbem
604 3435 729 3496 Romam
740 3455 914 3523 pessumum
925 3435 1036 3496 lacinus
1048 3443 1196 3514 patratum

135 3521 222 3605 foret.
253 3521 322 3600 quia
336 3521 470 3582 nondum
484 3521 655 3600 trequentes
667 3521 772 3582 armati
787 3527 996 3593 convenerant,
1013 3537 1046 3580 ea
1060 3539 1107 3580 res
1123 3539 1194 3582 eou-

205 3652 221 3702 2
233 3653 367 3718 plurimum
379 3655 404 3719 C,
416 3656 521 3722 primum
531 3657 577 3709 PC
586 3655 596 3724 ΙΙ
609 3657 758 3708 bleccaPC
768 3655 777 3725 fl
792 3658 822 3706 10
836 3655 886 3706 alia
896 3656 945 3722 PC,
955 3657 1039 3724 aliqua
1050 3657 1071 3708 C
1080 3655 1090 3722 ΙΙ
1105 3657 1135 3708 13
1145 3658 1195 3720 erit

136 3722 161 3772 P
176 3717 186 3788 ll
204 3719 540 3792 torquentemque,
555 3726 643 3791 quibus
656 3725 702 3776 PC
716 3723 725 3792 ll
747 3741 795 3790 qua
807 3725 862 3786 PC,
879 3725 975 3790 Dicere,
992 3743 1039 3792 quo
1058 3725 1115 3777 edd.
1128 3725 1195 3794 oetll

137 3789 287 3840 breuissime
303 3790 414 3858 Diomsfl
433 3792 463 3840 21
481 3793 499 3842 l.
512 3794 578 3844 tullo
595 3794 650 3858 PC,
668 3794 685 3844 l.
705 3793 778 3843 tullio
799 3789 843 3859 θΙΙ
860 3790 900 3842 ru'.
920 3794 1003 3860 lepido
1021 3811 1043 3857 z,
1059 3811 1091 3844 m.
1110 3795 1192 3860 lepido

138 3858 183 3908 PC
193 3855 204 3926 ΙΙ
217 3857 249 3906 23
260 3859 415 3923 peculiorum
429 3859 602 3926 (pecuniarum
611 3865 644 3929 p)
657 3863 851 3928 repetundarum
863 3880 903 3910 *e*
915 3864 979 3926 (rum
991 3864 1070 3926 eras.)
1083 3878 1141 3913 reus
1155 3861 1195 3929 Pp

138 3925 171 3976 24
183 3925 326 3992 nequiverit
335 3927 493 3995 PCprueter
509 3929 650 3980 detentores
666 3931 799 3996 aliquoties
815 3931 906 3996 quibus
918 3931 1072 3995 nequiuerat,
1083 3935 1115 3980 ut
1124 3933 1151 3979 iu
1163 3947 1192 3992 z,·

138 3995 204 4058 quod
216 4021 228 4030 -
241 3995 383 4060 nequiverit
393 3995 440 4046 del.
453 3997 557 4046 Dietscb
570 3995 579 4063 Η
593 3997 624 4046 25
637 3997 728 4048 nobilis
741 4014 851 4048 summae
864 3997 891 4059 C,
901 3997 1072 4048 nobilissimae
1083 3998 1134 4061 PC,
1148 4013 1193 4047 no—

137 4061 285 4112 bilissumae
294 4079 313 4130 p
330 4063 339 4132 ΙΙ
357 4063 389 4112 26
406 4062 554 4115 laclissosus
576 4067 610 4128 (di
626 4067 704 4130 eras.)
722 4065 766 4132 ΡΙΙ
785 4067 818 4116 28
833 4065 977 4116 decembres
990 4064 1034 4133 Pl
1051 4065 1081 4114 31
1100 4067 1132 4115 ad
1143 4081 1193 4117 orn.

139 4130 168 4195 P,
180 4148 201 4181 r.
211 4147 233 4180 a.
244 4145 270 4199 p.
287 4130 291 4198 Ι
307 4131 337 4182 31
348 4131 461 4183 mittere:
475 4133 577 4198 cognita
588 4136 619 4197 P,
631 4149 661 4184 ea
671 4149 701 4185 re
713 4151 735 4184 e.
748 4151 795 4201 cp
810 4133 815 4202 Ι
830 4135 862 4184 32
871 4135 964 4185 tuncP
974 4131 986 4202 l
998 4133 1029 4184 35
1042 4134 1151 4200 pessimi
1159 4136 1184 4186 P
