2846 4682
399 387 442 436 oo
461 385 706 439 oomuusorono
724 386 901 440 1111111111
1128 370 1178 454 19

118 549 254 624 permota
285 549 336 602 aut
364 542 500 621 superbia
529 543 755 622 magistratuum
784 550 895 604 armata
924 560 940 603 a
969 541 1102 622 patribus
1133 563 1180 606 se·

120 627 215 688 cessit.
253 623 359 688 at'ncs
378 645 439 688 uon
459 627 619 707 imperium
639 645 735 708 neque
756 627 870 689 diuitias
888 629 1030 706 petimus,
1049 647 1181 707 'quarum
1201 641 1218 692 4

118 731 219 774 rernm
239 729 326 772 causa
345 713 421 772 111111
440 720 528 791 atquc
548 714 709 776 certamina
731 713 830 777 omnia
849 711 1080 790 intermortalis
1101 723 1179 787 suut,

117 798 170 860 scel
183 797 360 870 libertatem,
377 815 468 880 utram
482 815 574 860 nemo
585 798 683 860 bonus
696 798 753 860 nisi
767 817 836 860 eum
850 798 948 858 anima
958 800 1045 860 simul
1056 799 1178 860 amittit.

85 897 99 946 5
119 892 149 945 te
171 891 260 962 atquc
281 890 418 943 senatum
438 864 634 957 obtestimum
658 883 815 944 consulatis
829 883 946 946 miseris
961 883 1086 956 civibus,
1108 885 1181 965 logis
1202 897 1217 946 5

117 967 307 1047 praesidium,
324 968 404 1046 quod
418 968 557 1046 iniquitas
570 969 712 1048 praetoris
726 969 844 1048 eripuit,
860 969 1022 1030 restituatis
1038 987 1111 1030 neoc
1121 988 1180 1030 no-

116 1053 163 1115 his
177 1071 244 1114 cam
258 1053 507 1114 necessitudinem
521 1053 679 1134 inponatis,
694 1063 727 1126 ut
741 1072 926 1132 quaeramus,
943 1073 1075 1133 quonam
1088 1055 1178 1126 modo

115 1157 256 1200 maxume
269 1139 325 1198 ulti
338 1138 511 1218 sauguinem
524 1145 662 1204 nostrum
676 1132 850 1218 pereamus'.
873 1139 910 1200 ad
924 1141 997 1200 hacc
1008 1139 1041 1212 Q.
1055 1139 1179 1200 Marcius
1199 1143 1241 1205 at

116 1225 282 1302 respondit,
298 1223 394 1302 siquid
413 1223 450 1284 ab
472 1232 576 1284 senatu
596 1233 695 1307 petere
715 1222 835 1296 vellent,
856 1224 893 1286 ab
913 1225 1005 1285 armis
1019 1224 1179 1298 discedant,
1273 1228 1275 1232 ’

68 1321 97 1370 to
118 1310 243 1370 Romam
266 1309 413 1390 supplices
432 1309 668 1388 proficiscantur:
689 1329 724 1374 ca
744 1309 1073 1389 mansuetudinemque
1088 1311 1179 1372 mise-

117 1394 242 1456 ricordia
255 1401 392 1454 senatum
403 1393 504 1473 populi
515 1394 641 1456 Romani
652 1395 880 1474 senoniense,
892 1402 927 1456 ul
937 1401 1026 1456 nemo
1036 1414 1179 1476 umquam

13 1497 14 1500 ’
116 1479 155 1539 ab
166 1499 203 1542 eo
217 1479 328 1540 frustra
343 1479 484 1544 auxilium
500 1480 645 1558 petivcrit.
661 1483 664 1490 '

202 1564 240 1625 At
255 1563 377 1626 Catilina
392 1583 428 1625 cx
442 1563 548 1625 itincre
561 1565 708 1645 plerisque
724 1565 940 1638 consularibus
955 1573 1106 1644 praeterea
1121 1585 1176 1646 cp·
1197 1575 1212 1624 2

115 1659 201 1716 turno
221 1651 329 1728 cariquc
348 1649 460 1710 litteras
479 1650 584 1722 mittit,
606 1669 640 1710 sc
653 1651 732 1710 lalsis
747 1649 920 1712 criminibus
934 1650 1177 1722 circumventum,

13 1737 14 1740 ’
69 1740 96 1790 15
116 1728 1176 1815 quoniamlacticniinimicorummsistcmneqoircrit,tortumccedcru

114 1821 279 1882 Massaliam
293 1813 327 1880 iri
339 1819 459 1880 erilium
473 1820 633 1902 proficisci,
648 1839 711 1883 nou
725 1839 786 1900 quo
799 1820 856 1884 sibi
869 1820 946 1880 tanti
961 1820 1079 1882 sceleris
1090 1838 1176 1882 cons-

115 1906 179 1966 cius
192 1912 282 1976 essct,
299 1905 351 1964 secl
365 1905 410 1966 uti
424 1923 472 1966 res
486 1905 601 1984 publica
617 1905 715 1984 quiea
729 1907 808 1966 foret
822 1923 897 1964 neoc
911 1923 947 1964 cr
962 1905 1175 1968 suacontcoti-

115 2009 173 2052 one
185 1989 294 2051 seditio
309 1989 446 2051 erimtur.
476 1991 512 2050 ab
527 1991 574 2052 his
589 1991 676 2070 lenge
690 1989 820 2052 diuersas
833 1991 945 2051 litteras
960 1990 995 2062 Q.
1011 1991 1130 2052 Catulus
1144 1989 1176 2051 in
1197 2003 1212 2052 3

113 2083 220 2140 senatu
233 2075 377 2148 recitarit
393 2093 467 2154 quas
481 2076 537 2136 sibi
551 2075 672 2136 nominc
684 2075 824 2137 Catilium
836 2075 965 2136 redditas
981 2075 1103 2140 dicebat.
1125 2094 1175 2138 ea·

66 2166 95 2217 lo
115 2180 185 2221 rum
198 2160 367 2239 exemplum
387 2161 621 2240 infrascriptum
636 2169 690 2222 est.
716 2153 761 2221 ‘ln
774 2160 894 2222 Catilina
905 2161 940 2232 Q.
954 2161 1065 2222 Catulo.
1089 2179 1173 2240 egre·
1194 2162 1236 2226 35

114 2247 160 2325 gia
174 2253 225 2307 tua
239 2246 314 2309 fides
328 2264 360 2306 rc
375 2245 505 2324 cognita,
526 2255 608 2325 grata
622 2246 696 2306 mihi
710 2246 825 2324 magnis
840 2245 871 2306 iu
886 2245 960 2306 meis
975 2247 1125 2326 periculis,
1140 2247 1176 2308 fi-

114 2331 231 2394 duciam
246 2330 495 2392 commendationi
510 2351 592 2392 meae
607 2331 718 2392 tribuit.
742 2349 831 2412 quarn
846 2331 884 2392 ob
897 2349 962 2391 rem
973 2331 1176 2393 defensionem
1197 2341 1212 2392 2

114 2418 238 2480 innovo
252 2415 376 2477 consilio
390 2417 690 2496 nonsummum,
711 2417 941 2478 satislaetioncm
957 2435 993 2477 ex
1008 2417 1087 2478 nulla
1102 2435 1174 2478 con·

113 2501 234 2562 scicntia
255 2501 292 2560 dc
311 2499 396 2580 culpa
416 2519 582 2581 proponere
601 2503 728 2575 deamvi,
749 2521 838 2581 quam
858 2501 1061 2562 mediusfidius
1075 2520 1175 2563 veram

69 2589 95 2641 25
114 2586 182 2648 licet
201 2589 369 2664 cognoscas
399 2585 513 2650 iniuriis
528 2587 771 2666 contumeliisque
786 2587 962 2659 concitatus
983 2587 1062 2665 qnod
1075 2587 1175 2648 fructu

86 2681 91 2688 ‘
114 2671 220 2732 laboris
240 2671 462 2750 industriaeque
479 2690 562 2734 meae
582 2673 713 2752 priuatus
731 2678 843 2736 statum
858 2671 1005 2750 dignitatis
1019 2689 1080 2730 non
1096 2672 1173 2750 cpti-

112 2757 230 2828 ocham,
244 2756 391 2839 publicam
405 2757 582 2819 maerorum
597 2775 716 2818 causam
730 2774 786 2835 pro
800 2775 867 2818 roca
883 2755 1095 2816 consuetudine
1106 2775 1179 2817 1111--

114 2842 192 2922 cepi,
212 2859 274 2902 non
294 2842 366 2920 quin
385 2861 434 2902 ass
454 2841 582 2902 1111111111
602 2841 675 2902 meis
694 2841 864 2903 nominibus
883 2860 919 2903 cx
939 2840 1173 2920 possessionibus

113 2928 226 2988 soluere
245 2945 380 3006 possem,
405 2935 435 3006 at
455 2927 557 2988 alienis
575 2925 746 2987 nominibus
764 2926 920 2986 liberalitas
941 2925 1091 2986 Orestillae
1112 2927 1172 2988 suis

70 3012 94 3062 ³⁰
113 3013 246 3091 filiaeque
262 3011 354 3094 copiis
365 3012 560 3090 persolverem
571 3013 624 3076 sed
635 3012 714 3092 quod
725 3029 787 3072 non
798 3011 902 3090 dignos
913 3011 1050 3072 homines
1060 3011 1172 3074 nonore

113 3098 285 3158 honestatos
304 3097 439 3159 ridebam
459 3117 566 3176 meque
581 3097 653 3162 falsa
668 3097 834 3177 suspicione
849 3097 1008 3160 alienatum
1022 3115 1086 3157 csse
1101 3115 1171 3158 scn-

113 3183 232 3244 ticbam.
263 3183 321 3244 lroc
338 3183 458 3243 nemine
478 3183 549 3245 satis
562 3183 702 3244 honestas
724 3201 778 3262 pro
793 3201 863 3244 mco
877 3201 946 3246 casu
961 3201 1030 3260 spes
1043 3182 1172 3262 reliquae
1192 3195 1210 3244 4

114 3267 261 3347 dignitatis
277 3268 491 3328 conservandae
506 3285 573 3328 sum
588 3276 716 3332 secutus
737 3268 822 3347 plura
836 3287 904 3329 cum
918 3267 1045 3328 scrihere
1057 3267 1171 3339 vallem,
1194 3279 1209 3328 5

113 3353 282 3414 111111111111111
308 3359 353 3413 est
376 3353 436 3413 vim
461 3353 535 3414 milri
558 3353 663 3433 parari.
703 3363 782 3413 nunc
805 3352 972 3412 Orestillam
996 3352 1172 3415 commendo
1192 3361 1208 3411 6
1246 3367 1252 3373 ’

70 3438 96 3488 35
114 3448 241 3518 tuaeque
256 3437 323 3498 fidei
337 3438 430 3540 trado.
452 3455 517 3500 eam
532 3439 569 3499 ab
583 3438 689 3499 iniuria
703 3437 840 3500 defendas
854 3454 909 3515 per
921 3435 1030 3496 liberos
1040 3443 1171 3510 tuosro-

114 3531 207 3602 gatus.
238 3522 353 3583 haveto.

181 3791 197 3840 8
208 3767 318 3841 maxime
329 3811 350 3842 1.
362 3810 383 3858 1.Ι
394 3809 413 3860 p
425 3790 435 3859 ll
447 3793 496 3842 ulti
507 3812 533 3840 11
545 3794 569 3843 Ρ
580 3789 590 3858 ll
602 3793 618 3842 9
630 3794 766 3859 respondet
775 3790 811 3858 ‘ll
827 3791 857 3841 ts
870 3799 987 3842 oreretur
996 3789 1042 3860 Pu
1055 3791 1085 3840 19
1098 3807 1172 3842 sena-

114 3867 164 3908 tun
175 3859 221 3927 Pl
235 3861 267 3906 ‘lll
280 3860 297 3908 1.
310 3861 414 3911 catilina
426 3861 533 3910 salutem
545 3860 609 3912 elicit
619 3877 641 3928 q.
652 3862 737 3911 catulo
746 3861 774 3912 V
773 3863 797 3912 P
808 3864 845 3924 (111
856 3860 1171 3926 manutentionem),

116 3928 221 3978 salutem
234 3927 297 3976 dicit
309 3942 359 3978 11111.
371 3929 414 3978 ucl
423 3943 473 3995 pro
484 3943 514 3980 eo
524 3930 744 3980 11111111111111
757 3929 778 3980 C
788 3929 797 3996 l
811 3930 840 3978 21
855 3929 950 3993 magnis
962 3928 987 3978 iu
999 3927 1060 3977 meis
1072 3927 1127 3991 PC,
1144 3927 1170 3976 in

115 3996 209 4060 magnis
224 3995 289 4045 meis
303 3996 327 4046 V
332 3996 357 4059 C,
373 3997 399 4045 io
415 3997 478 4046 meis
495 3997 590 4062 mugnis
605 3997 628 4048 C
636 4001 644 4064 ΙΙ
658 4001 689 4046 ll
706 4013 792 4048 ueram
804 4017 842 4046 111
854 3997 916 4046 licet
932 3997 978 4057 (ihi
988 3997 1067 4054 cros.)
1080 3995 1124 4058 Pl
1137 3995 1170 4044 28

118 4061 1172 4200 tttllllfatttllutlltlt'tlltttttttlttutatust}
1204 4140 1208 4158 ·

927 4214 968 4264 2*
