2854 4678
229 356 288 418 1I2
435 313 440 318 Ι
560 357 607 408 EX
622 354 782 408 sennusrl
799 355 956 410 HISTORIIS

227 516 401 590 sumpserat,
417 509 550 583 satiatus,
565 511 696 572 sedtum
711 511 866 580 crudelior,
882 529 951 573 cum
966 512 1122 592 plerosque
1139 513 1292 574 secundae

193 603 208 655 1
229 595 325 656 resin
347 595 568 656 miserationem
587 615 622 656 11
642 595 685 656 ira
705 602 834 656 vortunt.
873 596 945 675 quin
963 596 1045 656 solus
1066 597 1200 658 omnium
1222 605 1292 676 post
1411 603 1412 672 l

229 679 403 740 memoriam
420 679 548 740 ltumani
563 679 676 760 generis
691 679 832 758 supplicIa
847 679 878 739 in
893 680 1093 760 postfuturos
1109 682 1290 760 composuit,

229 763 293 843 quis
308 764 390 842 prins
405 763 509 824 Iniuria
525 783 615 843 quam
630 763 687 824 vita
702 771 780 824 certa
796 771 884 838 esset,
900 763 1141 844 pravissumeque
1156 784 1210 845 per
1224 785 1291 826 sce—

227 848 295 909 leris
310 848 513 909 inmanitatem
529 849 625 909 adhue
637 855 720 908 tutus
735 848 799 920 fuit,
815 848 888 908 dum
902 867 954 909 vos
973 856 1055 910 metu
1069 849 1210 928 gravioris
1224 869 1290 913 ser·
1312 863 1326 910 5
1411 845 1412 856 ³

229 933 280 993 viti
295 953 311 994 a
325 934 487 1012 repetunda
503 933 636 995 libertate
651 932 812 993 terremini.

193 1029 207 1077 1
312 1017 470 1096 Agundum
490 1025 578 1096 atque
600 1016 715 1078 obviam
735 1017 865 1077 eundum
888 1022 948 1088 est,
971 1017 1115 1090 Quirites,
1136 1035 1172 1078 ne
1195 1019 1292 1098 spolia

228 1109 326 1162 rostra
350 1121 441 1181 penes
463 1099 527 1162 illos
547 1101 621 1174 sint,
642 1119 704 1161 non
723 1100 929 1180 prolatandum
949 1112 1045 1180 neque
1066 1101 1141 1162 votis
1160 1103 1292 1182 paranda

228 1187 341 1248 auxilia.
372 1186 428 1246 nisi
447 1186 523 1246 forte
544 1185 669 1264 speratis
683 1185 814 1246 taedium
828 1184 887 1245 iam
902 1191 953 1245 aut
967 1185 1110 1264 pudorem
1126 1187 1291 1265 tyrannidis

228 1271 326 1331 Sullae
342 1289 406 1330 esse
421 1277 451 1330 et
466 1288 535 1330 eum
549 1288 603 1348 per
616 1268 712 1330 scelus
728 1276 867 1348 occupata
881 1268 1073 1350 periculosius
1085 1269 1289 1332 dimissurum.
1314 1283 1343 1332 to

193 1365 208 1415 8
230 1361 259 1414 at
274 1355 321 1414 ille
336 1373 371 1414 eo
385 1355 542 1433 processit,
559 1361 593 1414 ut
607 1353 680 1413 nihil
693 1354 855 1432 gloriosum
870 1353 927 1414 nisi
941 1360 1041 1414 tutum
1056 1361 1086 1414 11
1101 1354 1200 1416 omnia
1214 1355 1292 1416 reti·

192 1449 208 1499 9
227 1439 340 1500 nendae
354 1439 561 1499 dominationis
576 1439 700 1499 honesta
711 1445 866 1499 aestumat.
888 1438 986 1516 itaque
998 1439 1046 1498 illa
1057 1438 1140 1518 quies
1152 1447 1182 1499 et
1193 1440 1291 1500 otium

230 1541 297 1584 cum
316 1523 464 1595 libertate,
488 1541 562 1602 quae
578 1523 664 1584 multi
679 1522 764 1602 probi
779 1523 878 1602 potius
894 1541 983 1602 quam
998 1522 1128 1584 laborem
1146 1542 1215 1584 cum
1230 1525 1289 1586 ho-

177 1619 208 1670 10
228 1607 351 1669 noribus
366 1607 564 1687 capessebant,
580 1607 659 1668 nulla
674 1614 759 1668 sunt:
775 1607 829 1668 hac
843 1614 1017 1687 tempestate
1033 1607 1224 1668 serviundum
1237 1617 1290 1670 aut

177 1702 205 1752 11
228 1693 466 1772 imperitandum,
481 1691 633 1752 habendus
648 1698 745 1752 metus
760 1698 804 1752 est
818 1699 868 1752 aut
879 1691 1042 1766 faciundus,
1056 1692 1193 1764 Quirites.
1216 1711 1289 1754 nam
1313 1704 1342 1752 15

228 1777 298 1857 quid
320 1774 418 1838 ultra?
440 1793 550 1855 quaeve
563 1777 693 1836 humana
707 1783 848 1855 superant
862 1783 913 1838 aut
927 1777 1022 1837 divina
1037 1777 1179 1856 inpolluta
1193 1775 1290 1838 sunt?

227 1862 353 1942 populus
368 1861 528 1932 Romanus,
544 1861 632 1938 paulo
647 1868 714 1920 ante
729 1860 860 1939 gentium
875 1861 1054 1933 moderator,
1070 1868 1175 1922 erutus
1190 1861 1289 1940 impe-

227 1947 272 2007 rio
283 1947 374 2026 gloria
384 1946 457 2017 iure,
469 1945 595 2024 agitandi
604 1945 689 2024 inops
701 1945 925 2024 despectusque,
937 1963 974 2004 ne
983 1945 1097 2006 servilia
1105 1945 1223 2025 quidem
1233 1946 1289 2006 ali·

177 2039 208 2090 11
227 2029 554 2108 mentareliquahabet.
572 2029 721 2090 sociorum
732 2029 832 2089 etLati
841 2047 945 2110 magna
954 2029 1117 2091 viscivitate
1124 2031 1290 2110 promultis

228 2123 257 2176 et
269 2115 392 2194 egregiis
406 2115 489 2174 111111
505 2131 521 2173 a
534 2113 616 2174 vobis
632 2113 698 2173 data
712 2131 765 2192 per
778 2131 872 2174 unum
887 2113 1082 2193 prohibentur
1092 2122 1122 2174 11
1134 2114 1226 2193 plebis
1238 2115 1289 2176 in·
1310 2123 1343 2173 20

227 2199 331 2260 noxiae
348 2198 455 2278 patrias
467 2197 551 2258 sedes
564 2215 741 2277 occupavere
753 2197 838 2276 pauci
849 2197 987 2258 satellites
1003 2199 1170 2259 mercedem
1191 2200 1288 2260 scele-

176 2292 207 2344 11
228 2300 305 2344 rum.
342 2283 420 2362 leges
435 2281 540 2343 iudicia
556 2282 699 2343 aerarium
715 2282 881 2361 provinciae
896 2301 980 2362 reges
994 2301 1085 2362 penes
1100 2301 1209 2356 unum,
1231 2285 1288 2346 de-

177 2375 209 2426 14
228 2367 318 2446 nique
336 2367 416 2428 necis
437 2366 543 2429 civium
565 2374 595 2427 et
608 2367 683 2427 vitae
698 2366 822 2427 licentia.
853 2367 942 2428 simul
956 2369 1100 2428 humanas
1114 2368 1225 2429 hostias
1241 2370 1288 2429 vi·

178 2460 208 2510 15
230 2453 313 2514 distis
328 2460 357 2512 et
372 2451 525 2532 sepulchra
540 2450 645 2512 inlecta
658 2451 798 2530 sanguine
810 2451 895 2512 civili.
918 2458 1001 2513 estne
1013 2452 1082 2513 viris
1092 2452 1197 2532 reliqui
1208 2453 1288 2515 aliud
1414 2477 1415 2530 1

230 2556 319 2618 quam
335 2539 447 2599 solvere
462 2536 597 2596 iniuriam
614 2543 664 2596 aut
678 2536 754 2597 mori
768 2554 822 2614 per
836 2533 998 2598 virtutem?
1013 2537 1288 2617 quoniamquidem
1310 2544 1341 2594 15
1414 2543 1415 2620 l

228 2623 323 2683 unum
335 2623 473 2683 omnibus
487 2622 577 2681 linem
592 2627 697 2682 natura
711 2621 757 2681 111
770 2621 850 2682 ferro
866 2621 973 2700 saeptis
985 2621 1086 2682 statuit
1096 2639 1191 2702 neque
1203 2623 1289 2701 quis-

231 2725 318 2786 quam
341 2715 501 2768 extremam
521 2705 727 2766 necossitatem
747 2704 819 2765 nibil
833 2724 921 2773 ausus
941 2705 997 2765 nisi
1017 2705 1153 2766 muliebri
1168 2706 1288 2784 ingenio

178 2798 208 2850 16
229 2799 370 2871 expectat.
400 2809 501 2852 verum
517 2808 569 2870 ego
585 2790 758 2862 seditiosus
781 2790 826 2850 uti
842 2790 922 2850 Sulla
937 2790 989 2861 111,
1011 2789 1061 2868 qui
1076 2789 1205 2868 praemia
1220 2797 1288 2851 tur-

178 2883 207 2932 11
227 2876 333 2937 barum
348 2893 465 2955 queror,
482 2881 511 2934 et
525 2875 635 2935 bellum
650 2875 780 2953 cupiens,
797 2875 847 2952 qui
861 2873 924 2933 iura
940 2872 1018 2953 pacis
1030 2881 1142 2954 repeto.
1166 2873 1287 2946 scilicet,

229 2960 296 3038 quia
316 2978 378 3020 non
393 2960 476 3020 aliter
490 2959 560 3018 salvi
582 2959 711 3036 satisque
731 2957 789 3018 tuti
804 2957 835 3017 in
849 2957 972 3038 imperio
988 2957 1081 3032 eritis,
1103 2959 1160 3018 nisi
1175 2959 1289 3021 Vettius
1311 2965 1343 3016 ³0

229 3044 332 3103 Picens
352 3049 381 3102 et
399 3043 492 3104 scriba
508 3041 660 3102 Cornelius
680 3043 772 3102 aliena
792 3041 867 3102 bene
887 3050 986 3122 parata
1005 3042 1207 3122 prodegerint3
1228 3043 1288 3104 nisi

228 3127 422 3206 adprobaritis
438 3143 541 3187 omnes
556 3126 803 3204 proscriptionem
818 3126 1004 3187 innoxiorum
1021 3127 1059 3187 ob
1073 3127 1200 3201 divitias,
1217 3145 1288 3188 cru-

214 3210 321 3288 ciatus
336 3211 465 3272 virorum
479 3209 658 3282 inlustrium,
674 3217 786 3270 vastam
800 3211 906 3272 urbem
920 3211 988 3290 luga
1002 3217 1032 3271 11
1047 3209 1193 3282 caedibus,
1208 3211 1288 3272 bona

229 3295 336 3358 civium
355 3295 534 3357 miserorum
554 3294 638 3374 quasi
653 3293 828 3355 Cimbricam
849 3295 988 3374 praedam
1010 3313 1119 3356 venum
1136 3301 1187 3355 aut
1205 3295 1287 3356 dono

178 3389 209 3440 11
230 3381 336 3442 datam.
366 3387 395 3442 at
420 3379 544 3442 obiectat
568 3379 641 3440 mihi
662 3379 864 3458 possessiones
883 3399 919 3440 11
938 3379 1023 3440 bonis
1037 3379 1287 3458 proscriptomm3
1309 3385 1341 3436 15

230 3466 309 3545 quod
329 3465 447 3544 quidem
469 3466 611 3526 scelerum
631 3463 707 3524 illius
722 3463 768 3524 111
782 3481 956 3525 maxumum
970 3469 1030 3537 est,
1045 3481 1107 3524 non
1126 3481 1174 3524 me
1189 3481 1286 3543 neque

230 3568 408 3629 quemquam
431 3549 565 3610 omnium
579 3548 649 3608 satis
663 3555 763 3608 tutum
777 3548 884 3621 luisse,
904 3547 929 3608 si
944 3554 1022 3608 recte
1037 3547 1210 3610 laceremus.
1240 3555 1286 3608 at-

230 3653 286 3712 que
302 3635 363 3706 illa,
385 3653 459 3712 quae
474 3640 538 3694 tum
553 3632 710 3694 formidine
726 3638 872 3692 mercatus
886 3649 954 3692 sum
971 3633 1084 3711 [pretio]
1101 3631 1197 3693 soluto
1212 3631 1285 3704 iure,

231 3719 356 3778 dominis
371 3725 471 3778 tamen
486 3717 626 3786 restituo,
647 3734 742 3796 neque
758 3709 989 3796 paticonsilium
1004 3723 1049 3776 111
1062 3715 1153 3777 ullam
1168 3715 1285 3776 111111-

299 3937 313 3986 3
332 3936 432 3986 humani
444 3937 546 3998 generis
559 3935 675 3998 Orclb'm,
688 3935 790 3985 hnmani
807 3933 845 3996 V,
859 3935 982 3984 bominum
994 3951 1008 3982 a
1019 3929 1126 4000 Alduell
1142 3934 1172 3982 17
1191 3933 1288 3998 Imperii

229 4003 589 4136 ssogmssnffi‘ffffifflmge
599 4019 625 4070 p.
637 4002 673 4052 33
685 4001 694 4070 ΙΙ
708 4003 740 4052 27
753 4017 844 4053 census
857 4003 880 4067 (d
893 4006 971 4065 eras.)
984 4001 1014 4052 V
1023 3999 1033 4068 11
1046 4002 1077 4050 37
1090 4001 1207 4066 fortasse
1219 3999 1289 4066 atqui
