2846 4682
381 374 385 381 '
424 390 466 439 oe
485 388 734 448 conturbatoris
752 390 930 444 catlLlNAu
1163 400 1204 462 35

138 548 200 608 stra
217 560 357 616 morere,
371 543 514 608 ,hostibus
530 545 716 606 occasionem
731 545 879 626 pugnandi
892 563 958 608 non·
969 548 1053 609 dare:
1069 538 1206 631 sperabat
1226 567 1232 576 ··
1262 567 1272 612 :

142 645 232 706 prope
249 627 332 689 diem
352 643 471 708 magnas
491 629 589 708 copias
607 648 672 690 sese
691 630 875 703 babiturtuu,
899 630 925 692 si
939 630 1051 694 Romae
1070 634 1205 697 sociiin·

141 721 223 790 cepta
234 712 440 790 patravissent.
462 713 573 774 interea
583 714 697 776 servitia
708 715 889 793 repudiabat,
901 715 985 778 cuius
996 717 1079 779 initio
1091 718 1126 779 ad
1133 737 1204 780 sum
1225 730 1240 778 5

141 800 263 876 magnae
278 797 380 876 copiae
395 798 621 870 concurrebant,
643 799 749 877 opibus
764 799 974 862 coniurationis
988 802 1096 875 fretus,
1116 803 1205 864 simul

103 894 118 942 5
141 881 270 942 ebenum
290 882 352 942 suis
374 881 537 944 rationibus
557 883 740 944 existumans
760 883 852 946 videri
873 903 992 946 eausam
1011 886 1119 948 civium
1135 907 1203 949 cum

140 967 232 1028 servis
247 966 378 1045 fugitivis
393 967 665 1028 communicavisse.
688 969 741 1030 sed
755 977 913 1047 postquam
927 969 958 1030 in
972 977 1066 1030 castra
1074 973 1200 1034 nuntius
1221 973 1262 1035 ot

139 1051 274 1128 pervenit
291 1051 405 1114 Romae
429 1051 661 1115 coniurationem
687 1054 876 1131 patefactam,
898 1054 934 1114 de
953 1053 1077 1116 Lentrdo
1097 1064 1128 1116 et
1148 1057 1202 1117 Ce-

137 1135 227 1214 thego
244 1135 420 1214 ceterisque,
442 1155 518 1215 quos
540 1155 629 1216 supra
650 1138 825 1210 memoravi,
846 1137 1023 1218 supplicium
1039 1149 1201 1220 sumptum,
1245 1203 1249 1210 ,

139 1219 285 1299 plerique,
307 1239 382 1298 quos
402 1220 439 1281 ad
458 1221 568 1282 bellum
591 1220 846 1301 spes'rapinarum
867 1231 918 1284 aut
937 1240 1082 1284 novamne
1100 1243 1202 1286 rerum

86 1318 117 1367 to
139 1303 271 1365 studium
287 1304 440 1376 inlexerat,
462 1305 645 1378 dilabuntur,
666 1307 796 1386 reliquos
812 1307 934 1368 Catilina
956 1326 1009 1386 per
1028 1310 1138 1370 montis
1153 1329 1200 1371 as-

137 1388 225 1466 peros
241 1389 355 1468 magnis
369 1389 523 1454 itineribus
538 1391 568 1452 in
582 1409 685 1469 agrum
703 1391 913 1452 Pistoriensem
935 1391 1053 1454 abducit
1070 1413 1105 1453 eo
1126 1413 1199 1455 con·
1227 1419 1230 1424 ⁴
1248 1417 1250 1424 ·

137 1473 220 1545 silio,
241 1473 285 1534 uti
304 1492 357 1552 per
377 1475 511 1536 tramites
532 1475 645 1536 occulte
665 1475 833 1555 perfugeret
847 1477 878 1538 in
893 1476 1015 1540 Galliam
1030 1477 1198 1560 Transalpi-

138 1575 217 1620 nam.
248 1565 277 1618 at
292 1558 327 1630 Q.
343 1557 478 1620 Metellus
493 1559 577 1620 Celer
591 1561 767 1622 oum-tribus
782 1561 945 1640 legionibus
959 1561 990 1621 in
1005 1580 1074 1640 agro
1089 1563 1197 1624 Piceno
1218 1573 1248 1622 2*

137 1643 335 1721 praesidebat,
358 1662 395 1704 ex
414 1643 586 1706 difficultate
604 1642 705 1706 rerum
725 1645 829 1706 eadem
844 1645 891 1705 illa
906 1646 1100 1718 existumans,
1123 1667 1198 1726 quae

84 1741 115 1788 15
137 1745 226 1806 supra
247 1727 375 1790 diximus
390 1727 542 1790 Catilinam
562 1728 679 1808 agitare.
709 1730 798 1808 igitur
815 1729 867 1790 ubi
886 1730 943 1790 iter
962 1729 1026 1790 eius
1045 1749 1081 1792 ex
1095 1733 1197 1810 perfu-
1219 1740 1234 1788 3

135 1813 179 1890 gis
201 1811 349 1890 cognorit,
370 1819 464 1873 castra
483 1831 609 1892 propere
631 1814 724 1874 movit
744 1833 778 1874 ac
792 1814 848 1874 sub
862 1814 933 1891 ipsis
948 1813 1094 1876 radicibus
1108 1833 1196 1879 mon-

74 1949 77 1955 .
137 1897 213 1959 tium
229 1895 371 1968 consedit,
386 1915 443 1974 qua
457 1897 497 1958 illi
512 1897 670 1958 descensus
683 1907 747 1959 erat
760 1897 924 1962 iuCalliam
941 1899 1127 1976 properanti·
1142 1917 1196 1961 ne·
1218 1909 1247 1958 42

137 2000 195 2060 que
214 1988 316 2042 tamen
330 1981 476 2042 Antonius
496 1983 599 2060 procul
618 1982 732 2054 aberat,
751 1989 855 2062 utpote
876 1982 926 2060 qui
944 2001 1051 2062 magno
1066 1985 1197 2046 exercitu

136 2065 209 2126 locis
234 2065 421 2144 aequioribus
445 2067 597 2144 expeditus
623 2066 666 2144 [iu
683 2067 765 2146 iuga]
785 2073 968 2146 sequeretur.
1001 2067 1054 2128 sed
1075 2069 1197 2128 Catilina
1218 2079 1248 2130 5:

82 2159 115 2210 tu
136 2157 296 2228 postquam
310 2149 389 2224 videt
403 2151 555 2212 montibus
570 2158 658 2230 atque
673 2152 765 2230 copiis
780 2151 911 2232 hpstium
926 2169 991 2214 sese
1006 2151 1149 2224 clausurn,
1164 2154 1195 2214 iu

135 2235 214 2298 urbe-
224 2253 272 2295 res
287 2234 437 2306 advorsae,
459 2251 555 2314 neque
569 2235 654 2314 fugae
669 2253 764 2315 neque
779 2236 907 2315 praesidi
921 2236 1010 2298 ullam
1025 2255 1125 2314 spem,
1141 2256 1196 2317 ope

135 2328 254 2382 tuntum
268 2320 348 2382 factu
362 2326 444 2381 ratus
458 2319 490 2380 iu
500 2320 550 2382 tali
561 2338 594 2382 re
604 2321 755 2382 fortunam
767 2321 834 2381 belli
845 2329 1000 2400 temptare,
1012 2321 1116 2384 statuit
1128 2333 1194 2383 oum
1245 2374 1251 2378 .

135 2404 263 2466 Antonio
294 2422 383 2482 quam
397 2404 539 2483 primum
565 2405 729 2485 confligere.
771 2406 868 2483 itaque
894 2405 1032 2468 contione
1058 2406 1195 2469 advocata
1216 2419 1253 2469 o:

136 2489 341 2550 huiuscemodi
357 2489 521 2550 orationem
536 2489 647 2552 habuit.

81 2585 112 2634 ta
216 2566 420 2652 ‘Compertum
435 2593 488 2653 ego
502 2573 607 2646 habeo,
623 2574 740 2646 milites,
756 2574 843 2634 verba
853 2574 994 2634 virtutem
1006 2590 1067 2632 non
1079 2573 1193 2647 addere,
1216 2583 1258 2644 58

133 2675 230 2737 neque
249 2677 286 2718 ex
306 2657 409 2736 ignavo
429 2665 584 2720 strenuum
596 2677 699 2738 neque
718 2659 827 2719 fortem
850 2677 886 2717 ex
905 2657 1010 2717 timido
1032 2657 1194 2718 exercitum

133 2742 266 2804 oratione
286 2743 470 2821 imperatoris
490 2743 561 2804 lieri.
592 2750 701 2822 quanta
720 2743 864 2820 cuiusque
883 2741 982 2802 animo
1002 2741 1120 2802 audacia
1140 2760 1194 2802 na·
1215 2758 1231 2808 2
1255 2759 1260 2796 .·,

133 2835 199 2888 tura
214 2834 265 2888 aut
280 2827 412 2888 moribus
428 2825 514 2900 inest,
531 2835 611 2888 tanta
626 2828 658 2888 in
672 2827 747 2888 bello
762 2835 863 2905 patere
877 2825 960 2886 solet.
991 2843 1081 2904 quem
1096 2843 1194 2905 neque

133 2912 223 2990 gloria
241 2929 337 2990 neque
351 2911 479 2990 pericula
494 2913 636 2985 excitant,
651 2911 833 2992 nequiquam
848 2911 982 2971 hortere:
998 2910 1089 2970 timor
1103 2911 1201 2975 animi

82 3005 113 3054 tu
134 2997 234 3060 officit.
264 2997 316 3058 sed
338 3015 390 3075 ego
405 3015 471 3069 vos,
493 3015 552 3076 quo
566 3016 659 3076 pauca
673 3014 842 3068 monerem,
868 2995 1018 3068 advocavi,
1041 2994 1130 3056 simul
1149 2995 1193 3066 uti
1215 3012 1231 3062 3

133 3101 251 3142 oausam
271 3082 331 3142 mei
346 3081 448 3142 consili
463 3077 617 3162 aperirem.
647 3082 727 3144 scitis
741 3081 895 3160 equidem,
916 3080 1038 3152 milites,
1061 3081 1197 3146 socordia·
1215 3097 1232 3148 4

132 3173 220 3245 atque
251 3166 361 3245 ignavia
382 3165 498 3228 Lentuli
523 3174 663 3246 quantam
688 3167 745 3246 ipsi
767 3165 911 3245 nobisque
931 3164 1043 3226 cladem
1063 3164 1194 3226 attulerit

132 3269 250 3330 quoque
266 3251 369 3323 modo,
392 3251 463 3312 dum
479 3270 514 3312 ex
528 3252 602 3313 urbe
616 3252 760 3330 praesidia
772 3251 922 3330 opperior,
939 3251 970 3310 in
985 3249 1107 3310 Galliam
1121 3267 1192 3328 pro·

132 3336 221 3397 licism
241 3335 433 3414 nequiverim.
468 3354 548 3398 nunc
568 3355 636 3398 vero
658 3355 716 3415 quo
738 3337 802 3396 loco
824 3353 872 3396 res
887 3341 1005 3396 nostrae
1015 3333 1092 3398 sint,
1112 3333 1193 3393 iuxta
1213 3352 1229 3400 5

84 3428 113 3477 ³5
132 3439 251 3482 mecum
267 3437 370 3482 omnes
385 3421 559 3500 intellegitis.
585 3421 730 3482 exercitus
745 3420 876 3480 hostium
891 3419 959 3489 duo,
977 3433 1054 3478 unus
1071 3415 1107 3476 ab
1119 3416 1190 3477 urbe
1214 3435 1230 3484 a

132 3506 205 3566 alter
228 3525 245 3566 a
267 3505 357 3566 Gallia
382 3505 508 3567 obstant.
550 3505 659 3566 diutins
686 3505 718 3566 in
743 3505 790 3564 his
814 3503 885 3564 loeis
907 3520 985 3573 esse,
1006 3501 1031 3560 si
1053 3519 1197 3576 maxume¹

131 3591 247 3651 animus
262 3591 350 3662 ferat,
371 3589 513 3651 frumenti
538 3598 626 3668 atque
650 3590 772 3652 aliarum
792 3606 893 3648 rerum
914 3593 1026 3666 egestas
1046 3585 1191 3663 probibet.

196 3774 212 3830 1
227 3773 347 3838 sperabat
357 3772 406 3837 PC,
419 3788 524 3839 sperans
536 3770 576 3841 ΟΙΙ
589 3775 604 3825 5
616 3774 761 3824 ulderice.
772 3770 816 3840 Pl]
828 3772 843 3830 ,t
857 3771 998 3822 deslentulo
1010 3771 1034 3820 P
1044 3769 1054 3838 1]
1069 3771 1096 3821 11
1112 3772 1192 3836 pisto-

132 3841 242 3892 rionsem
255 3842 279 3892 P
290 3839 299 3906 b
315 3839 345 3888 16
364 3841 483 3904 cognouit
492 3862 571 3891 *****
586 3840 590 3907 Ι
606 3849 690 3892 castra
704 3841 728 3890 P
739 3839 749 3906 ΙΙ
767 3841 795 3889 19
813 3841 944 3904 expeditus
957 3839 983 3897 in
999 3838 1058 3904 iuga
1069 3856 1096 3904 a,
1115 3854 1191 3905 expe-

131 3909 197 3959 ditos
206 3910 234 3966 in
242 3907 302 3970 iuga
312 3906 362 3969 PC,
371 3909 455 3958 Przbc.
467 3909 514 3960 voi.
528 3910 594 3976 1111.
602 3909 656 3958 312
667 3908 703 3971 (in
715 3907 798 3973 fugam
807 3912 887 3974 pauci
893 3907 965 3958 codd.
978 3905 1040 3960 Satt.
1051 3912 1078 3976 et
1087 3907 1190 3966 Prosci,

131 3978 154 4030 in
166 3975 226 4042 luga
238 3975 321 4025 delevi
332 3973 341 4038 ΙΙ
355 3975 387 4023 20
406 3977 474 4026 uidet
491 3978 616 4027 montibus
629 3994 650 4026 s.
662 3977 746 4043 &Pb
760 3977 790 4026 22
810 3974 879 4024 lactu
891 3984 967 4027 ratus
979 3991 1014 4025 etc
1026 3973 1139 4024 lecturus
1152 3971 1193 4037 Pp
1224 3978 1227 3982 ’

132 4044 162 4093 32
181 4051 301 4110 quantum
310 4041 335 4092 P
346 4039 355 4108 ΙΙ
368 4041 401 4094 34
423 4041 578 4110 nequiuerint
592 4061 627 4113 eae
641 4045 801 4116 nequiueram
815 4044 839 4093 P
850 4042 860 4109 b
873 4058 920 4107 quo
935 4041 991 4092 loco
1004 4041 1086 4112 We,
1103 4055 1153 4111 quo
1165 4038 1190 4090 in

132 4111 222 4160 l'acoC
619 4111 623 4125 ''
680 4111 683 4116 '
750 4111 752 4115 '
1069 4133 1072 4137 ·
1103 4148 1104 4152 ,
