2846 4682
203 351 245 413 64
571 348 598 399 c.
612 347 771 400 saurusrr
790 347 892 399 cursor

167 513 286 566 tmere
311 510 470 564 crearetur.
506 503 557 562 sed
584 503 716 582 quaestio
742 502 867 564 exercita
887 519 989 582 aspere
1007 501 1207 582 violenterque
1227 520 1269 562 ex

203 606 323 650 rumore
343 595 372 648 et
389 587 519 648 lubidine
539 587 640 666 plebis.
671 594 705 648 ut
719 605 806 667 saepe
820 587 1019 658 nobilitatem,
1041 586 1084 648 sic
1098 605 1133 648 ea
1146 594 1268 666 tempe-

202 681 278 736 state
295 672 407 752 plebem
423 691 459 733 er
474 672 610 734 secundis
625 673 714 734 rebus
728 671 885 732 insolentia
899 679 1023 751 ceperat.
1051 655 1068 772 ll

141 760 182 821 41
288 758 426 819 Ceterum
440 775 506 818 mos
521 757 651 836 partium
666 765 695 818 et
709 757 873 818 lactionum
887 776 920 818 ac
935 756 1039 818 deinde
1052 757 1185 816 omnium
1197 774 1267 817 ma·

203 843 298 904 larum
313 843 420 904 artium
434 843 534 921 paucis
549 850 617 902 ante
628 843 712 902 annis
724 841 836 902 Romae
850 849 934 902 ortus
944 840 1056 902 estotio
1069 847 1156 920 atque
1168 840 1267 926 abun·
1291 855 1313 902 5

166 936 182 986 2
203 927 302 988 dantia
328 945 430 989 earum
452 945 567 1000 rerum,
594 945 667 1006 quae
687 925 782 1006 prima
801 927 941 988 mortales
961 926 1071 986 dicunt.
1106 943 1175 986 nam
1195 933 1266 987 ante

203 1012 407 1091 Carthaginem
428 1012 555 1073 deletam
574 1011 700 1091 populus
721 1017 750 1071 et
769 1019 889 1072 senatus
903 1011 1054 1072 Romanus
1068 1011 1180 1090 placide
1195 1029 1266 1072 mo-

203 1097 343 1176 desteque
357 1097 435 1158 inter
449 1116 480 1157 se
495 1115 559 1158 rem
574 1096 721 1176 publicam
735 1090 913 1169 tractabant,
930 1113 1026 1174 neque
1041 1095 1149 1175 gloriae
1165 1113 1264 1175 neque

203 1181 411 1242 dominationis
430 1188 578 1243 certamen
595 1181 673 1242 inter
692 1177 766 1254 civis,
782 1188 860 1244 erat:
883 1178 981 1242 metus
1001 1180 1114 1240 ho'stilis
1133 1181 1164 1240 in
1178 1179 1266 1240 honis

166 1279 181 1328 3
203 1266 315 1327 artibus
337 1266 483 1326 civitatem
503 1266 657 1327 retinebat.
686 1267 738 1326 sed
757 1266 809 1326 ubi
827 1265 875 1326 illa
893 1265 1021 1326 formido
1042 1265 1190 1326 mentibus
1210 1265 1266 1326 de·
1293 1276 1337 1326 ιο

204 1351 299 1422 cessit,
316 1350 425 1412 scilieet
440 1370 483 1423 ea,
501 1369 574 1430 quae
588 1369 635 1412 res
650 1349 796 1412 secundae
809 1357 919 1423 amant,
932 1349 1047 1412 lascivia
1059 1357 1146 1427 atque
1158 1367 1267 1428 super-

166 1449 182 1498 4
202 1435 249 1496 bia
263 1436 418 1496 incessere.
448 1435 489 1496 ita
504 1435 582 1514 quod
597 1435 627 1496 in
642 1435 771 1496 advorsis
786 1435 874 1496 rebus
889 1441 1060 1515 optaverant
1075 1434 1168 1496 otium
1180 1441 1267 1513 post-

168 1532 183 1580 5
205 1539 294 1599 mam
315 1519 414 1599 adepti
433 1527 516 1593 sunt,
537 1521 669 1600 asperius
688 1519 880 1599 acerbiusque
899 1521 965 1581 fuit.
996 1537 1125 1598 namque
1142 1537 1267 1598 coepere

203 1604 339 1666 nobilitas
355 1605 526 1684 dignitatem
541 1605 668 1684 populus
680 1603 847 1666 hbertatem
858 1605 889 1666 in
900 1604 1061 1666 lubidinem
1072 1611 1197 1675 vortere,
1209 1603 1268 1664 sibi

204 1689 327 1769 quisque
342 1690 448 1752 ducere
463 1690 578 1752 trahere
593 1707 705 1769 rapere.
729 1689 770 1750 ita
782 1690 880 1750 omnia
891 1689 922 1749 in
934 1689 1005 1750 duas
1017 1691 1108 1768 pertis
1119 1689 1267 1750 abstracta
1293 1700 1334 1750 15

167 1785 183 1836 6
203 1781 282 1846 sunt,
298 1775 489 1854 respublica,
511 1793 585 1854 quae
601 1775 698 1835 media
711 1773 998 1846 fueratdilaoerata.
1029 1783 1160 1836 ceterum
1176 1772 1266 1834 nohi-

203 1859 268 1920 litas
287 1859 414 1920 factione
434 1860 525 1939 magis
540 1859 682 1940 pollebat,
703 1859 796 1939 plebis
816 1858 859 1919 vis
874 1859 969 1920 soluta
984 1866 1072 1938 atque
1088 1858 1219 1938 dispersa
1233 1858 1267 1918 in

167 1957 181 2007 t
202 1943 390 2006 multitudine
419 1945 517 2005 minus
542 1951 667 2025 poterat.
702 1963 865 2024 paucorum
891 1943 1011 2004 arbitrio
1036 1943 1103 2004 belli
1125 1943 1265 2021 domique

204 2029 374 2108 agitabatur,
390 2046 481 2108 penes
495 2030 615 2092 eosdem
627 2030 771 2091 aerarium
783 2028 948 2109 provinciae
960 2028 1147 2108 magistratus
1156 2027 1266 2107 gloriae

203 2113 404 2192 triumphique
419 2121 516 2175 erant:
532 2115 659 2193 populus
674 2114 776 2175 militia
787 2123 875 2193 atque
887 2113 985 2192 inopia
994 2112 1163 2192 lugebatur,
1175 2129 1264 2192 prae·
1288 2125 1331 2174 20

104 2219 110 2234 ‹
168 2215 183 2265 8
205 2199 255 2260 das
275 2198 392 2260 bellicas
409 2198 601 2276 imperatores
622 2217 689 2260 eum
704 2198 804 2278 paucis
818 2199 1001 2278 diripiebant.
1031 2197 1142 2259 interea
1155 2215 1264 2276 paren-

204 2290 248 2343 tes
264 2283 408 2362 aut'parri
424 2283 507 2344 liberi
520 2282 661 2355 militurn,
682 2283 726 2344 uti
740 2283 863 2362 quisque
878 2283 1036 2362 potentiori
1051 2283 1174 2344 confinis
1189 2289 1263 2354 erat,

168 2383 183 2433 9
203 2367 323 2428 sedibus
338 2367 528 2446 pellebantur.
558 2368 598 2428 ita
616 2387 684 2429 cunr
698 2368 829 2446 potentia
845 2368 963 2434 avaritia
978 2367 1042 2428 sine
1056 2368 1146 2428 modo
1158 2367 1263 2428 mode-

204 2451 317 2530 stiaque
339 2451 490 2524 invadere}
511 2451 641 2531 polluere
664 2460 694 2513 et
712 2459 826 2514 vastare
847 2453 958 2524 omnia,
981 2452 1054 2512 nihil
1067 2451 1152 2531 pensi
1166 2469 1263 2530 neque

151 2550 182 2602 10
204 2537 298 2599 sancti
312 2537 429 2609 hahere,
446 2537 542 2616 quoad
556 2545 651 2599 semet
665 2538 728 2616 ipsa
743 2537 950 2616 praecipitarit.
981 2555 1051 2597 nam
1066 2537 1117 2598 uhi
1131 2536 1263 2616 primum
1287 2549 1326 2600 25

204 2641 240 2683 er
260 2621 411 2683 nobilitate
430 2623 539 2702 reperti
558 2630 632 2684 sunt
647 2622 698 2701 qui
717 2640 816 2684 veram
835 2621 957 2700 gloriam
976 2621 1101 2682 iniustae
1115 2621 1265 2700 potentiae

204 2715 428 2786 anteponerent,
456 2708 567 2768 moveri
591 2707 691 2769 civitas
710 2713 741 2767 et
762 2705 903 2767 dissensio
922 2705 1012 2766 civilis
1032 2707 1115 2784 quasi
1133 2707 1265 2785 permix-

142 2795 185 2855 42
203 2791 245 2853 tio
273 2799 369 2852 terrae
397 2791 468 2852 oriri
495 2793 598 2872 coepit.
640 2810 711 2854 nam
737 2799 894 2872 postquam
923 2791 967 2852 Ti.
993 2799 1023 2852 et
1046 2791 1077 2852 G.
1104 2790 1264 2864 Gracchus,

204 2893 331 2956 quorum
351 2877 477 2937 maiores
492 2876 604 2937 Punico
624 2885 713 2956 atque
732 2877 795 2938 aliis
815 2875 897 2936 hellis
918 2876 1046 2938 multum
1065 2875 1108 2937 rei
1131 2875 1264 2955 publicae

203 2960 387 3032 addiderant,
408 2959 553 3020 vindicare
570 2960 688 3039 plebem
707 2962 738 3022 iu
751 2960 917 3022 libertatern
933 2968 963 3024 et
976 2979 1138 3040 paucorum
1154 2960 1264 3022 seelera
1287 2970 1325 3020 3ο
1419 2969 1420 2980 ’

203 3030 364 3122 patefacere
391 3061 525 3123 coepere,
552 3043 689 3106 nobilitas
717 3045 804 3106 noxia
828 3053 917 3126 atque
947 3065 982 3106 eo
1012 3046 1146 3125 perculsa
1172 3045 1263 3106 modo

202 3146 255 3208 per
275 3128 370 3189 socios
390 3147 425 3189 ao
443 3145 553 3189 nomen
566 3129 718 3202 Latinum,
741 3130 890 3192 interdum
906 3149 958 3209 per
974 3131 1087 3209 equites
1102 3130 1261 3200 Romanos,

204 3231 278 3292 quos
297 3231 365 3294 spes
385 3213 532 3274 societatis
551 3233 568 3274 a
587 3213 671 3293 plebe
693 3215 869 3287 dimoverat,
886 3215 1084 3277 Gracchorum
1100 3214 1263 3278 actionibus

203 3297 318 3360 obviam
333 3297 414 3362 ierat.
431 3306 461 3359 et
474 3298 571 3378 primo
586 3297 745 3371 Tiberium,
762 3300 829 3360 dein
843 3317 953 3378 paucos
967 3307 1037 3380 post
1051 3317 1144 3360 annos
1159 3299 1263 3360 eadem

251 3532 257 3538 ·
273 3520 285 3568 1
305 3521 419 3570 exercita
431 3535 520 3586 aspere
529 3537 560 3588 p,
578 3521 661 3571 exeita
673 3539 686 3568 s
698 3534 788 3585 aspere
804 3522 828 3571 P
844 3517 853 3587 ΙΙ
866 3521 882 3570 4
894 3535 961 3570 moes
974 3521 997 3571 P
1013 3516 1023 3587 ll
1040 3518 1147 3586 partiam
1164 3527 1191 3570 et
1207 3517 1261 3570 lac-

204 3587 299 3636 tionum
313 3585 449 3651 Gruterus,
461 3588 570 3654 partium
582 3589 739 3654 popularium
751 3595 777 3638 et
789 3595 920 3638 senatores
932 3585 1068 3638 lactionum
1080 3586 1135 3652 PC,
1151 3603 1262 3652 quornm

203 3669 272 3702 unus
283 3668 331 3704 oen.
345 3663 484 3719 senatores,
496 3655 543 3705 alii
553 3663 656 3706 senatus
669 3655 708 3705 nel
717 3663 863 3705 senatorum
874 3656 1035 3706 substituent
1048 3653 1052 3723 Ι
1071 3656 1086 3704 7
1097 3669 1215 3705 romanus
1227 3671 1263 3704 eas

204 3722 313 3772 romanis
327 3723 349 3772 P
365 3719 375 3787 ΙΙ
394 3725 424 3773 13
441 3721 490 3773 fuit
502 3722 557 3786 PC,
574 3722 697 3773 increpet
711 3722 740 3772 lit
753 3721 775 3772 G
788 3720 798 3790 ΙΙ
817 3724 847 3773 14
866 3723 993 3773 libidinem
1007 3739 1038 3790 p,
1065 3722 1159 3772 ibideni
1171 3719 1220 3840 Pp
1231 3723 1263 3774 16

203 3786 254 3836 sint
267 3789 291 3837 P
301 3787 311 3854 ΙΙ
326 3789 355 3838 l'l
374 3791 508 3855 plebissrur
525 3789 570 3857 Pp
586 3790 616 3840 18
634 3789 794 3840 multitudine
805 3789 850 3856 Pil
865 3791 896 3840 19
912 3791 1009 3853 gloriae
1021 3789 1076 3853 PC,
1094 3790 1181 3840 loreas
1220 3805 1262 3842 er-

201 3857 310 3920 nupsero
326 3854 393 3906 dtus.
409 3858 490 3908 Illaec.
506 3858 554 3908 vol.
571 3857 627 3908 XV
638 3874 665 3925 p.
682 3857 733 3906 168
748 3855 756 3922 ΙΙ
775 3858 807 3909 25
827 3859 919 3924 quoted
932 3860 955 3910 P
975 3857 985 3925 l
1011 3858 1066 3924 ipse
1078 3857 1109 3920 C,
1127 3857 1207 3924 ipsun
1218 3857 1265 3909 ΡΟ

202 3920 252 3988 127
265 3925 399 3988 permixtio
410 3932 496 3976 terrae
508 3925 571 3975 oriri
582 3921 632 3992 'PG
649 3924 819 3991 permixtione
835 3933 921 3977 terrae
937 3926 985 3976 riri
996 3928 1030 3991 P,
1046 3933 1133 3976 terrae
1150 3925 1219 3977 idom
1234 3929 1262 3976 in

202 4005 287 4056 marg.
299 3994 385 4058 itaque
397 4008 433 4043 ea:
446 3991 617 4044 Odcten'ores
