2846 4682
470 363 513 414 DE
531 364 640 415 BELLO
659 363 866 417 IUGUllTlllNO
1156 371 1197 432 69

130 517 184 577 diis
210 517 305 578 aciem
329 515 482 580 instruxit:
507 517 585 579 inter
609 519 775 598 manipulos
798 519 963 582 funditores
984 529 1014 582 et
1034 523 1198 602 sagittarios

131 601 275 680 dispertit,
292 601 459 680 equitatum
476 619 597 661 omnem
612 603 642 662 in
658 603 796 663 cornibus
807 603 883 664 locat
897 624 931 666 ac
945 625 1037 684 pauca
1051 625 1106 685 pro
1120 613 1198 667 tem·

129 685 327 764 pore'milites
342 685 478 745 hortatus
494 686 599 758 aciem,
615 685 701 746 sicuti
716 687 908 760 instruxerat,
924 691 1101 752 transvorsis
1115 692 1198 770 prin-

130 769 211 849 cipiis
231 770 263 830 in
282 769 404 848 planum
424 769 551 830 deducit.
581 771 633 830 sed
653 770 704 830 ubi
723 771 864 832 Numidas
881 773 998 851 quietos
1013 793 1110 855 neque
1126 776 1198 837 colle
1219 777 1263 836 5⁰

93 867 108 914 5
129 854 248 932 degredi
269 853 490 925 animadvortit,
510 855 619 915 veritus
640 875 675 916 ex
694 857 763 915 anni
782 859 917 936 ternpore
937 865 967 918 et
986 859 1084 938 inopia
1106 878 1198 940 aquae

129 957 168 1022 ne
189 937 237 998 siti
258 937 452 998 conficeretur
471 939 630 1011 exereitus,
651 939 794 1000 Rutilium
814 941 943 1020 legatum
964 961 1031 1003 eum
1054 945 1198 1022 expeditis

130 1023 303 1100 cohortibus
322 1030 352 1082 et
368 1029 451 1100 parte
466 1025 599 1102 equitum
614 1025 764 1102 praemisit
779 1025 815 1085 ad
829 1027 954 1100 flumen,
974 1028 1018 1088 uti
1033 1028 1131 1088 locum
1148 1049 1197 1090 cam

128 1107 199 1168 stris
214 1113 409 1186 antecaperet,
425 1107 606 1169 existumans
622 1109 715 1169 hostis
730 1109 833 1170 crebro
848 1111 960 1189 impetu
975 1120 1004 1173 et
1018 1113 1194 1174 transvorsis

129 1191 248 1271 proeliis
268 1191 329 1272 'iter
347 1210 435 1252 suum
455 1199 656 1253 remoraturos
677 1201 719 1266 et,
748 1195 888 1272 quoniam
909 1197 998 1256 armis
1017 1197 1192 1273 diffiderent,

76 1285 108 1336 10
129 1275 332 1337 lassitudinem
353 1283 384 1336 et
403 1277 483 1336 sitim
503 1277 630 1336 militurn
650 1285 855 1357 temptaturos.
886 1281 990 1341 deinde
1010 1282 1072 1361 ipse
1091 1301 1146 1361 pro
1161 1301 1194 1344 re
1215 1292 1230 1341 2

130 1368 219 1438 atque
230 1361 294 1420 loco
307 1360 392 1420 sicuti
404 1369 506 1422 monte
519 1362 718 1434 descenderat,
734 1364 873 1441 paulatim
885 1366 1054 1443 procedere,
1070 1365 1196 1428 Marium

129 1453 198 1524 post
212 1445 352 1524 principia
366 1444 483 1518 habere,
500 1446 562 1524 ipse
578 1465 646 1507 cum
661 1447 796 1508 sinistrae
812 1447 873 1508 alae
889 1451 1036 1528 equitibus
1052 1469 1129 1525 esse,
1145 1453 1196 1532 qui

128 1530 161 1590 in
180 1529 295 1608 agmine
310 1529 458 1608 principes
472 1531 541 1590 faeti
555 1538 647 1591 erant.
679 1539 708 1592 at
722 1531 876 1610 Iugurtha,
898 1534 949 1594 ubi
963 1543 1128 1596 extremum
1144 1556 1194 1616 ag·
1218 1549 1232 1597 3

129 1631 200 1674 men
219 1614 326 1674 Metelli
346 1613 459 1692 primos
479 1633 551 1675 suos
570 1621 820 1702 praetergressum
834 1617 929 1690 videt,
952 1621 1096 1698 praesidio
1113 1622 1195 1698 quasi

75 1707 108 1758 15
129 1699 222 1782 duum
238 1699 353 1758 milium
368 1699 501 1777 peditum
517 1707 651 1760 montem
667 1709 798 1779 occupat,
815 1720 873 1779 qua
887 1701 1019 1764 Metellus
1035 1704 1196 1766 descende-

128 1791 189 1856 rat,
210 1801 248 1844 ne
265 1784 342 1843 forte
358 1783 529 1844 cedentibus
544 1784 717 1844 advorsariis
732 1787 864 1863 receptui
879 1803 912 1845 ao
926 1795 995 1864 post
1010 1788 1196 1848 munimento

128 1869 215 1928 foret.
246 1867 314 1928 dein
328 1874 449 1946 repente
464 1869 548 1946 signo
561 1869 629 1928 date
641 1869 735 1930 hostis
747 1869 864 1930 invadit.
891 1870 1034 1932 Numidae
1049 1873 1097 1932 alii
1111 1879 1196 1950 pest·
1217 1889 1233 1937 4

129 1971 231 2013 remos
247 1953 380 2026 caedere,
396 1970 464 2032 pars
479 1973 496 2013 a
510 1953 628 2013 sinistra
643 1972 677 2013 ae
692 1953 793 2014 dextra
807 1961 961 2033 temptare,
977 1955 1084 2016 infensi
1095 1958 1197 2017 adesse

132 2037 368 2116 atqueinstare,
395 2037 533 2097 omnibus
554 2037 625 2096 locis
645 2037 849 2098 Romanorum
870 2039 987 2100 ordines
1008 2041 1194 2114 conturbare,

76 2129 111 2178 20
133 2139 263 2200 quorum
278 2121 367 2182 etiam
383 2121 433 2200 qui
448 2121 627 2182 firmioribus
642 2122 749 2182 animis
766 2122 843 2182 obvii
857 2123 991 2184 hostibus
1007 2126 1132 2198 fuerant,
1148 2127 1196 2186 lu-

131 2207 239 2266 dificati
263 2205 376 2268 incerto
396 2206 509 2284 proelio
530 2206 585 2284 ipsi
611 2207 701 2266 modo
728 2207 843 2268 eminus
870 2209 1075 2270 sauciabantur
1099 2227 1195 2288 neque

131 2298 234 2351 contra
247 2290 375 2350 feriundi
389 2296 440 2350 aut
454 2290 630 2351 conserundi
644 2308 767 2351 manum
782 2293 865 2370 copia
876 2300 952 2354 erat:
969 2301 1036 2355 ante
1046 2294 1105 2354 iarn
1117 2295 1196 2356 docti
1216 2308 1231 2356 5

130 2375 167 2436 ab
186 2375 328 2453 Iugurtha
349 2375 475 2453 equites,
496 2375 547 2435 ubi
568 2375 772 2436 Romanorum
793 2385 892 2438 turma
911 2379 1026 2458 insequi
1046 2387 1193 2458 coeperat,

129 2477 193 2520 non
204 2459 360 2520 confertim
371 2459 508 2538 usquein
518 2477 613 2520 unum
624 2476 689 2520 sese
699 2461 885 2540 recipiebant,
898 2463 948 2522 sed
958 2464 1030 2523 alius
1038 2464 1093 2524 alio
1105 2482 1194 2542 quam

75 2558 108 2610 25
131 2561 271 2605 maxume
292 2543 409 2604 divorsi.
440 2545 480 2604 ita
501 2561 626 2604 numero
642 2545 768 2623 priores,
791 2547 817 2606 si
831 2546 867 2606 ab
882 2548 1086 2625 persequendo
1101 2547 1194 2608 hostis
1215 2560 1230 2610 6

130 2628 278 2690 deterrere
293 2629 496 2707 nequiverant,
518 2629 653 2689 disiectos
667 2628 704 2688 ab
718 2636 800 2708 tergo
816 2637 866 2690 aut
879 2631 1017 2711 lateribus
1032 2631 1194 2692 circumve,-

129 2713 265 2786 niebant3
280 2713 325 2774 sin
342 2713 537 2793 opportunior
550 2713 635 2792 fugae
650 2713 732 2773 collis
747 2731 836 2792 quam
851 2711 947 2796 campi
957 2716 1061 2787 fuerat,
1077 2734 1110 2774 ea
1125 2733 1193 2775 vero

130 2799 265 2859 consueti
285 2797 478 2858 Numidarum
501 2797 569 2876 equi
589 2797 673 2858 facile
692 2797 768 2858 inter
782 2799 904 2878 virgulta
920 2801 1054 2871 evadere,
1074 2806 1193 2860 nostros

130 2883 273 2962 asperitas
288 2889 317 2942 et
331 2881 485 2942 insolentia
500 2882 556 2942 loci
570 2881 723 2942 retinebat.
750 2890 880 2943 ceterum
892 2884 983 2944 facies
993 2883 1084 2944 totius
1095 2883 1194 2962 negoti
1214 2891 1255 2952 51

76 2982 109 3032 30
129 2969 208 3028 varia
222 2969 333 3028 incerta
347 2967 434 3027 foeda
448 2974 536 3046 atque
551 2965 731 3027 miserabilis.
759 2967 883 3046 dispersi
900 2987 916 3030 a
934 2969 995 3029 suis
1011 2986 1078 3047 pars
1091 2968 1193 3031 cedere

129 3053 176 3113 alii
190 3051 321 3131 insequi,
341 3069 437 3130 neque
453 3052 534 3130 signa
548 3069 644 3130 neque
660 3051 777 3112 ordines
792 3053 961 3126 observare,
980 3052 1032 3113 ubi
1047 3071 1195 3131 quemque

128 3137 294 3216 periculum
310 3143 427 3216 ceperat
441 3136 481 3196 ibi
496 3135 632 3196 resistere
650 3155 684 3196 ac
699 3137 880 3215 propulsare,
896 3155 977 3198 arma
993 3137 1049 3196 tela
1062 3137 1130 3215 equi
1141 3137 1194 3196 viri

128 3223 232 3288 hostes
247 3228 335 3300 atque
350 3221 426 3281 cives
440 3220 587 3300 permixti,
603 3219 675 3280 nihil
687 3221 808 3282 consilio
819 3221 915 3302 neque
926 3221 1049 3299 imperio
1061 3222 1115 3298 agi,
1130 3221 1192 3300 fors

132 3307 231 3368 omnia
251 3324 360 3384 regere.
390 3305 489 3384 itaque
503 3305 633 3365 multum
648 3305 705 3365 diei
720 3313 915 3384 processerat,
939 3323 1006 3365 eum
1021 3304 1111 3364 etiam
1126 3311 1191 3364 tum
1211 3319 1227 3368 2

76 3405 108 3455 35
130 3398 252 3451 eventus
267 3391 299 3450 in
313 3391 424 3450 incerto
440 3398 510 3450 erat.
537 3389 663 3468 denique
679 3391 816 3450 omnibus
830 3390 928 3450 labore
943 3395 973 3448 et
984 3393 1067 3447 aestu
1078 3387 1191 3463 langui-
1213 3401 1228 3450 3

131 3475 176 3536 dis
190 3475 338 3547 Metellus,
358 3475 409 3535 ubi
424 3475 501 3534 videt
515 3474 657 3534 Numidas
672 3475 770 3534 minus
784 3475 907 3544 instare,
927 3471 1068 3551 paulatim
1083 3471 1191 3532 milites

130 3560 160 3620 in
175 3578 271 3621 unum
286 3559 438 3631 conducit,
456 3559 573 3619 ordines
588 3551 716 3618 restituit
730 3566 760 3618 et
775 3557 905 3618 cohortis
920 3557 1090 3636 legionarias
1106 3562 1192 3634 quat-

129 3652 200 3706 tuor
214 3645 370 3704 advorsum
385 3643 498 3724 pedites
513 3643 643 3704 bostium
658 3643 801 3703 conlocat.
827 3659 930 3702 eorum
946 3658 1051 3720 magna
1061 3658 1128 3720 pars
1140 3657 1193 3700 su-

131 3729 295 3808 perioribus
317 3729 389 3790 loeis
406 3729 483 3788 fessa
498 3729 681 3798 consederat.
712 3726 801 3810 simul
816 3744 899 3786 orare
914 3733 945 3786 et
958 3725 1070 3786 bertari
1084 3724 1192 3803 milites
1213 3741 1229 3791 a

198 3865 216 3913 4
229 3862 290 3912 colli
301 3864 450 3914 Amsa‘unns
459 3879 486 3930 p.
498 3861 551 3912 223
563 3859 572 3929 ΙΙ
586 3863 601 3911 6
625 3877 649 3926 p.
663 3861 776 3912 rutilium
787 3864 889 3930 paneis
901 3859 911 3926 ll
925 3863 940 3912 8
955 3863 1030 3912 crebo
1040 3863 1064 3915 P
1076 3859 1086 3928 ΙΙ
1101 3863 1129 3912 11
1148 3863 1191 3911 dc-

133 3933 287 3981 seenderant
296 3932 320 3980 P
331 3928 340 3997 ll
355 3933 386 3982 14
398 3938 616 3997 praetergressum
627 3929 653 3992 C,
665 3937 869 3994 praetergressos
879 3929 944 3997 PGll
959 3931 990 3981 15
999 3931 1109 3996 peditum
1120 3943 1191 3976 mon-

131 4005 181 4048 tem
195 3996 302 4062 occupat
310 3997 361 4060 PC,
373 4005 482 4048 montem
495 4004 599 4062 occupat
607 3998 717 4062 peditum
731 3997 752 4046 C
762 3995 771 4065 ll
786 3999 817 4048 19
830 4013 990 4048 romanorum
1001 4018 1014 4045 s
1027 4017 1038 4045 s
1050 4017 1063 4044 a
1075 4015 1087 4043 a
1099 4013 1111 4043 s
1123 4014 1136 4043 a
1148 4011 1190 4044 or-

131 4066 201 4127 dines
214 4067 238 4116 P
249 4063 260 4131 ΙΙ
274 4064 306 4114 23
318 4065 361 4114 nbi
373 4065 424 4129 PC,
437 4065 576 4130 ubieunque
589 4062 629 4132 0ss
642 4065 673 4113 27
687 4063 790 4130 luerapt
803 4065 827 4114 P
838 4063 849 4132 ll
861 4065 893 4116 ³5
906 4065 931 4114 in
943 4083 964 4114 s.
979 4081 999 4115 s.
1012 4063 1056 4130 ΡΙΙ
1069 4063 1100 4112 37
1114 4062 1191 4114 resti-

130 4134 180 4184 tuit
191 4149 228 4184 ex
239 4133 337 4182 inducit
349 4135 372 4183 P
