<?xml version="1.0" encoding="UTF-8"?>
<!DOCTYPE html PUBLIC "-//W3C//DTD XHTML 1.0 Transitional//EN"
    "http://www.w3.org/TR/xhtml1/DTD/xhtml1-transitional.dtd">
<html xmlns="http://www.w3.org/1999/xhtml" xml:lang="en" lang="en">
 <head>
  <title>
</title>
<meta http-equiv="Content-Type" content="text/html;charset=utf-8" />
  <meta name='ocr-system' content='tesseract 3.04.00' />
  <meta name='ocr-capabilities' content='ocr_page ocr_carea ocr_par ocr_line ocrx_word'/>
</head>
<body>
  <div class='ocr_page' id='page_1' title='image "./csallusticrispi00jordgoog_0138.png"; bbox 0 0 2854 4678; ppageno 0'>
   <div class='ocr_carea' id='block_1_1' title="bbox 385 494 977 654">
    <p class='ocr_par' dir='ltr' id='par_1_1' title="bbox 385 494 977 654">
     <span class='ocr_line' id='line_1_1' title="bbox 385 494 977 564; baseline 0.002 -2"><span class='ocrx_word' id='word_1_1' title='bbox 385 494 777 564; x_wconf 83' lang='lat' dir='ltr'>HISTORIARUM</span> <span class='ocrx_word' id='word_1_2' title='bbox 800 495 899 562; x_wconf 87' lang='lat' dir='ltr'><strong>LIB.</strong></span> <span class='ocrx_word' id='word_1_3' title='bbox 923 497 977 563; x_wconf 92' lang='lat' dir='ltr'>III</span> 
     </span>
     <span class='ocr_line' id='line_1_2' title="bbox 459 584 900 654; baseline -0.002 -15"><span class='ocrx_word' id='word_1_4' title='bbox 459 585 661 654; x_wconf 75' lang='lat' dir='ltr'>emmens</span> <span class='ocrx_word' id='word_1_5' title='bbox 679 584 900 640; x_wconf 71' lang='lat' dir='ltr'>vaticanam</span> 
     </span>
    </p>
   </div>
   <div class='ocr_carea' id='block_1_2' title="bbox 83 667 1215 2358">
    <p class='ocr_par' dir='ltr' id='par_1_2' title="bbox 83 667 1215 2358">
     <span class='ocr_line' id='line_1_3' title="bbox 149 667 1110 750; baseline 0 -20"><span class='ocrx_word' id='word_1_6' title='bbox 149 667 1110 750; x_wconf 71' lang='lat' dir='ltr'>1..............t&#39;p-11....*u*....mup·</span> 
     </span>
     <span class='ocr_line' id='line_1_4' title="bbox 188 754 1215 840; baseline -0.001 -24"><span class='ocrx_word' id='word_1_7' title='bbox 188 755 219 816; x_wconf 93' lang='lat' dir='ltr'>ni</span> <span class='ocrx_word' id='word_1_8' title='bbox 230 762 356 818; x_wconf 86' lang='lat' dir='ltr'>torrere.</span> <span class='ocrx_word' id='word_1_9' title='bbox 368 754 624 834; x_wconf 74' lang='lat' dir='ltr'>quilltuslpraeter</span> <span class='ocrx_word' id='word_1_10' title='bbox 751 755 797 816; x_wconf 90' lang='lat' dir='ltr'>nis</span> <span class='ocrx_word' id='word_1_11' title='bbox 812 755 973 835; x_wconf 75' lang='lat' dir='ltr'>operiblus)</span> <span class='ocrx_word' id='word_1_12' title='bbox 989 757 1180 829; x_wconf 74' lang='lat' dir='ltr'>communito.</span> <span class='ocrx_word' id='word_1_13' title='bbox 1211 835 1215 840; x_wconf 27' lang='grc' dir='ltr'>Ι</span> 
     </span>
     <span class='ocr_line' id='line_1_5' title="bbox 188 839 1155 921; baseline 0 -21"><span class='ocrx_word' id='word_1_14' title='bbox 188 839 317 920; x_wconf 87' lang='lat' dir='ltr'>speeiem</span> <span class='ocrx_word' id='word_1_15' title='bbox 328 839 404 900; x_wconf 80' lang='lat' dir='ltr'>bollo</span> <span class='ocrx_word' id='word_1_16' title='bbox 416 841 610 901; x_wconf 83' lang='lat' dir='ltr'>neeessariam</span> <span class='ocrx_word' id='word_1_17' title='bbox 751 841 856 900; x_wconf 86' lang='lat' dir='ltr'>deinde</span> <span class='ocrx_word' id='word_1_18' title='bbox 870 839 982 918; x_wconf 82' lang='lat' dir='ltr'>fugitivi</span> <span class='ocrx_word' id='word_1_19' title='bbox 997 859 1155 921; x_wconf 86' lang='lat' dir='ltr'>consump-</span> 
     </span>
     <span class='ocr_line' id='line_1_6' title="bbox 189 923 1190 1004; baseline 0.002 -20"><span class='ocrx_word' id='word_1_20' title='bbox 189 923 267 985; x_wconf 85' lang='lat' dir='ltr'>huud</span> <span class='ocrx_word' id='word_1_21' title='bbox 283 925 378 987; x_wconf 87' lang='lat' dir='ltr'>mullo</span> <span class='ocrx_word' id='word_1_22' title='bbox 394 943 478 986; x_wconf 81' lang='lat' dir='ltr'>secus</span> <span class='ocrx_word' id='word_1_23' title='bbox 495 943 583 1003; x_wconf 87' lang='lat' dir='ltr'>quarn</span> <span class='ocrx_word' id='word_1_24' title='bbox 752 925 790 985; x_wconf 90' lang='lat' dir='ltr'>tis</span> <span class='ocrx_word' id='word_1_25' title='bbox 805 925 863 984; x_wconf 90' lang='lat' dir='ltr'>iam</span> <span class='ocrx_word' id='word_1_26' title='bbox 878 925 1032 996; x_wconf 70' lang='lat' dir='ltr'>alimentis,</span> <span class='ocrx_word' id='word_1_27' title='bbox 1048 941 1086 986; x_wconf 91' lang='lat' dir='ltr'>ne</span> <span class='ocrx_word' id='word_1_28' title='bbox 1100 943 1190 1004; x_wconf 85' lang='lat' dir='ltr'>proo-</span> 
     </span>
     <span class='ocr_line' id='line_1_7' title="bbox 188 1009 1211 1089; baseline 0.001 -20"><span class='ocrx_word' id='word_1_29' title='bbox 188 1009 267 1069; x_wconf 84' lang='lat' dir='ltr'>ferro</span> <span class='ocrx_word' id='word_1_30' title='bbox 283 1009 382 1070; x_wconf 86' lang='lat' dir='ltr'>noceri</span> <span class='ocrx_word' id='word_1_31' title='bbox 398 1018 513 1088; x_wconf 86' lang='lat' dir='ltr'>poterat</span> <span class='ocrx_word' id='word_1_32' title='bbox 529 1055 535 1069; x_wconf 93' lang='lat'><em>.</em></span> <span class='ocrx_word' id='word_1_33' title='bbox 552 1017 582 1070; x_wconf 90' lang='lat' dir='ltr'>at</span> <span class='ocrx_word' id='word_1_34' title='bbox 690 1025 705 1074; x_wconf 80' lang='lat'><strong>5</strong></span> <span class='ocrx_word' id='word_1_35' title='bbox 749 1009 957 1087; x_wconf 71' lang='lat' dir='ltr'>dantibtuslex</span> <span class='ocrx_word' id='word_1_36' title='bbox 967 1010 1132 1089; x_wconf 87' lang='lat' dir='ltr'>propinquo</span> <span class='ocrx_word' id='word_1_37' title='bbox 1144 1009 1211 1070; x_wconf 80' lang='lat' dir='ltr'>toe-</span> 
     </span>
     <span class='ocr_line' id='line_1_8' title="bbox 188 1093 1197 1172; baseline 0 -17"><span class='ocrx_word' id='word_1_38' title='bbox 188 1093 333 1164; x_wconf 73' lang='lat' dir='ltr'>Vatinius,</span> <span class='ocrx_word' id='word_1_39' title='bbox 350 1095 420 1154; x_wconf 89' lang='lat' dir='ltr'>dum</span> <span class='ocrx_word' id='word_1_40' title='bbox 437 1095 509 1154; x_wconf 86' lang='lat' dir='ltr'>haee</span> <span class='ocrx_word' id='word_1_41' title='bbox 523 1111 616 1172; x_wconf 84' lang='lat' dir='ltr'>agun-</span> <span class='ocrx_word' id='word_1_42' title='bbox 748 1094 786 1154; x_wconf 87' lang='lat' dir='ltr'>tis</span> <span class='ocrx_word' id='word_1_43' title='bbox 802 1094 932 1164; x_wconf 83' lang='lat' dir='ltr'>instaret,</span> <span class='ocrx_word' id='word_1_44' title='bbox 950 1093 1027 1154; x_wconf 91' lang='lat' dir='ltr'>soliti</span> <span class='ocrx_word' id='word_1_45' title='bbox 1042 1112 1125 1155; x_wconf 85' lang='lat' dir='ltr'>more</span> <span class='ocrx_word' id='word_1_46' title='bbox 1139 1096 1197 1156; x_wconf 78' lang='lat' dir='ltr'>mt-</span> 
     </span>
     <span class='ocr_line' id='line_1_9' title="bbox 188 1178 1114 1258; baseline 0 -20"><span class='ocrx_word' id='word_1_47' title='bbox 188 1184 238 1239; x_wconf 85' lang='lat' dir='ltr'>tur</span> <span class='ocrx_word' id='word_1_48' title='bbox 252 1199 269 1240; x_wconf 87' lang='lat' dir='ltr'>a</span> <span class='ocrx_word' id='word_1_49' title='bbox 283 1179 420 1257; x_wconf 84' lang='lat' dir='ltr'>fugitivis,</span> <span class='ocrx_word' id='word_1_50' title='bbox 437 1196 522 1256; x_wconf 81' lang='lat' dir='ltr'>aegra</span> <span class='ocrx_word' id='word_1_51' title='bbox 537 1197 605 1258; x_wconf 86' lang='lat' dir='ltr'>par-</span> <span class='ocrx_word' id='word_1_52' title='bbox 748 1179 826 1239; x_wconf 89' lang='lat' dir='ltr'>litiae</span> <span class='ocrx_word' id='word_1_53' title='bbox 838 1178 948 1258; x_wconf 83' lang='lat' dir='ltr'>vigilias</span> <span class='ocrx_word' id='word_1_54' title='bbox 963 1182 1114 1239; x_wconf 81' lang='lat' dir='ltr'>stationes·</span> 
     </span>
     <span class='ocr_line' id='line_1_10' title="bbox 187 1263 1183 1343; baseline 0 -21"><span class='ocrx_word' id='word_1_55' title='bbox 187 1263 362 1324; x_wconf 87' lang='lat' dir='ltr'>temilitum</span> <span class='ocrx_word' id='word_1_56' title='bbox 377 1263 511 1324; x_wconf 88' lang='lat' dir='ltr'>autumni</span> <span class='ocrx_word' id='word_1_57' title='bbox 526 1281 592 1342; x_wconf 84' lang='lat' dir='ltr'>gra-</span> <span class='ocrx_word' id='word_1_58' title='bbox 750 1263 832 1342; x_wconf 72' lang='lat' dir='ltr'>qtuel</span> <span class='ocrx_word' id='word_1_59' title='bbox 848 1276 877 1324; x_wconf 91' lang='lat' dir='ltr'>et</span> <span class='ocrx_word' id='word_1_60' title='bbox 888 1263 943 1323; x_wconf 87' lang='lat' dir='ltr'>alia</span> <span class='ocrx_word' id='word_1_61' title='bbox 959 1263 1058 1324; x_wconf 86' lang='lat' dir='ltr'>munia</span> <span class='ocrx_word' id='word_1_62' title='bbox 1073 1267 1183 1343; x_wconf 76' lang='lat' dir='ltr'>exequi.</span> 
     </span>
     <span class='ocr_line' id='line_1_11' title="bbox 188 1345 1114 1427; baseline 0.001 -20"><span class='ocrx_word' id='word_1_63' title='bbox 188 1348 276 1408; x_wconf 88' lang='lat' dir='ltr'>vitate</span> <span class='ocrx_word' id='word_1_64' title='bbox 291 1356 412 1427; x_wconf 84' lang='lat' dir='ltr'>neqluel</span> <span class='ocrx_word' id='word_1_65' title='bbox 429 1368 463 1409; x_wconf 87' lang='lat' dir='ltr'>ex</span> <span class='ocrx_word' id='word_1_66' title='bbox 477 1355 627 1426; x_wconf 87' lang='lat' dir='ltr'>postrema</span> <span class='ocrx_word' id='word_1_67' title='bbox 750 1349 879 1410; x_wconf 87' lang='lat' dir='ltr'>secunda</span> <span class='ocrx_word' id='word_1_68' title='bbox 894 1345 987 1426; x_wconf 81' lang='lat' dir='ltr'>vigilia</span> <span class='ocrx_word' id='word_1_69' title='bbox 1002 1348 1114 1408; x_wconf 74' lang='lat' dir='ltr'>silentio</span> 
     </span>
     <span class='ocr_line' id='line_1_12' title="bbox 187 1432 1115 1511; baseline 0.001 -19"><span class='ocrx_word' id='word_1_70' title='bbox 187 1433 265 1511; x_wconf 86' lang='lat' dir='ltr'>fuga,</span> <span class='ocrx_word' id='word_1_71' title='bbox 282 1451 350 1492; x_wconf 88' lang='lat' dir='ltr'>eum</span> <span class='ocrx_word' id='word_1_72' title='bbox 366 1451 468 1492; x_wconf 85' lang='lat' dir='ltr'>severo</span> <span class='ocrx_word' id='word_1_73' title='bbox 483 1433 579 1492; x_wconf 87' lang='lat' dir='ltr'>edicto</span> <span class='ocrx_word' id='word_1_74' title='bbox 674 1445 706 1495; x_wconf 88' lang='lat' dir='ltr'>to</span> <span class='ocrx_word' id='word_1_75' title='bbox 749 1433 848 1494; x_wconf 91' lang='lat' dir='ltr'>euncti</span> <span class='ocrx_word' id='word_1_76' title='bbox 862 1432 1052 1511; x_wconf 83' lang='lat' dir='ltr'>egrediuntur</span> <span class='ocrx_word' id='word_1_77' title='bbox 1065 1450 1115 1493; x_wconf 86' lang='lat' dir='ltr'>ro-</span> 
     </span>
     <span class='ocr_line' id='line_1_13' title="bbox 188 1516 1130 1596; baseline 0.002 -20"><span class='ocrx_word' id='word_1_78' title='bbox 188 1516 368 1588; x_wconf 85' lang='lat' dir='ltr'>inherentnr,</span> <span class='ocrx_word' id='word_1_79' title='bbox 385 1517 452 1577; x_wconf 85' lang='lat' dir='ltr'>ullis</span> <span class='ocrx_word' id='word_1_80' title='bbox 468 1517 504 1576; x_wconf 87' lang='lat' dir='ltr'>ad</span> <span class='ocrx_word' id='word_1_81' title='bbox 519 1517 577 1596; x_wconf 81' lang='lat' dir='ltr'>sig·</span> <span class='ocrx_word' id='word_1_82' title='bbox 749 1517 818 1578; x_wconf 88' lang='lat' dir='ltr'>licto</span> <span class='ocrx_word' id='word_1_83' title='bbox 833 1517 1004 1578; x_wconf 80' lang='lat' dir='ltr'>bucinatore</span> <span class='ocrx_word' id='word_1_84' title='bbox 1019 1520 1050 1576; x_wconf 81' lang='lat' dir='ltr'>iu</span> <span class='ocrx_word' id='word_1_85' title='bbox 1066 1535 1130 1578; x_wconf 81' lang='lat' dir='ltr'>oos-</span> 
     </span>
     <span class='ocr_line' id='line_1_14' title="bbox 187 1599 1189 1681; baseline 0.001 -20"><span class='ocrx_word' id='word_1_86' title='bbox 187 1618 225 1661; x_wconf 90' lang='lat' dir='ltr'>na</span> <span class='ocrx_word' id='word_1_87' title='bbox 239 1601 457 1676; x_wconf 81' lang='lat' dir='ltr'>redeunlihtus)</span> <span class='ocrx_word' id='word_1_88' title='bbox 469 1608 499 1661; x_wconf 89' lang='lat' dir='ltr'>et</span> <span class='ocrx_word' id='word_1_89' title='bbox 511 1602 560 1680; x_wconf 90' lang='lat' dir='ltr'>qui</span> <span class='ocrx_word' id='word_1_90' title='bbox 572 1599 641 1662; x_wconf 88' lang='lat' dir='ltr'>reli·</span> <span class='ocrx_word' id='word_1_91' title='bbox 747 1601 801 1662; x_wconf 88' lang='lat' dir='ltr'>tris</span> <span class='ocrx_word' id='word_1_92' title='bbox 817 1647 824 1660; x_wconf 92' lang='lat'><em>.</em></span> <span class='ocrx_word' id='word_1_93' title='bbox 841 1608 870 1662; x_wconf 87' lang='lat' dir='ltr'>et</span> <span class='ocrx_word' id='word_1_94' title='bbox 885 1601 921 1660; x_wconf 90' lang='lat' dir='ltr'>ad</span> <span class='ocrx_word' id='word_1_95' title='bbox 937 1600 1053 1678; x_wconf 85' lang='lat' dir='ltr'>vigilum</span> <span class='ocrx_word' id='word_1_96' title='bbox 1068 1605 1189 1681; x_wconf 75' lang='lat' dir='ltr'>speeiem</span> 
     </span>
     <span class='ocr_line' id='line_1_15' title="bbox 83 1685 1101 1770; baseline 0 -24"><span class='ocrx_word' id='word_1_97' title='bbox 83 1724 87 1732; x_wconf 90' lang='lat'><strong>·</strong></span> <span class='ocrx_word' id='word_1_98' title='bbox 188 1685 240 1764; x_wconf 86' lang='lat' dir='ltr'>qui</span> <span class='ocrx_word' id='word_1_99' title='bbox 253 1695 337 1746; x_wconf 88' lang='lat' dir='ltr'>erant</span> <span class='ocrx_word' id='word_1_100' title='bbox 351 1705 405 1766; x_wconf 91' lang='lat' dir='ltr'>per</span> <span class='ocrx_word' id='word_1_101' title='bbox 419 1705 537 1746; x_wconf 88' lang='lat' dir='ltr'>summa</span> <span class='ocrx_word' id='word_1_102' title='bbox 552 1686 606 1745; x_wconf 85' lang='lat' dir='ltr'>tla-</span> <span class='ocrx_word' id='word_1_103' title='bbox 747 1687 851 1770; x_wconf 81' lang='lat' dir='ltr'>procul</span> <span class='ocrx_word' id='word_1_104' title='bbox 866 1686 1023 1746; x_wconf 78' lang='lat' dir='ltr'>visentibus</span> <span class='ocrx_word' id='word_1_105' title='bbox 1037 1703 1101 1746; x_wconf 85' lang='lat' dir='ltr'>ere-</span> 
     </span>
     <span class='ocr_line' id='line_1_16' title="bbox 188 1769 1114 1849; baseline 0 -19"><span class='ocrx_word' id='word_1_106' title='bbox 188 1771 257 1849; x_wconf 83' lang='lat' dir='ltr'>gitia</span> <span class='ocrx_word' id='word_1_107' title='bbox 272 1770 528 1844; x_wconf 82' lang='lat' dir='ltr'>detractantibtusl</span> <span class='ocrx_word' id='word_1_108' title='bbox 545 1770 623 1832; x_wconf 90' lang='lat' dir='ltr'>mili·</span> <span class='ocrx_word' id='word_1_109' title='bbox 748 1779 852 1832; x_wconf 81' lang='lat' dir='ltr'>nerant</span> <span class='ocrx_word' id='word_1_110' title='bbox 867 1771 943 1830; x_wconf 88' lang='lat' dir='ltr'>fnlto</span> <span class='ocrx_word' id='word_1_111' title='bbox 957 1769 1114 1830; x_wconf 79' lang='lat' dir='ltr'>arboribus</span> 
     </span>
     <span class='ocr_line' id='line_1_17' title="bbox 187 1855 1155 1934; baseline 0.001 -20"><span class='ocrx_word' id='word_1_112' title='bbox 187 1856 269 1926; x_wconf 88' lang='lat' dir='ltr'>tiam,</span> <span class='ocrx_word' id='word_1_113' title='bbox 286 1865 473 1934; x_wconf 88' lang='lat' dir='ltr'>quaestorem</span> <span class='ocrx_word' id='word_1_114' title='bbox 489 1874 577 1916; x_wconf 90' lang='lat' dir='ltr'>suum</span> <span class='ocrx_word' id='word_1_115' title='bbox 673 1867 704 1916; x_wconf 84' lang='lat'>15</span> <span class='ocrx_word' id='word_1_116' title='bbox 747 1855 874 1916; x_wconf 80' lang='lat' dir='ltr'>recentia</span> <span class='ocrx_word' id='word_1_117' title='bbox 890 1855 1036 1916; x_wconf 85' lang='lat' dir='ltr'>cadooero</span> <span class='ocrx_word' id='word_1_118' title='bbox 1051 1864 1076 1915; x_wconf 87' lang='lat' dir='ltr'>el</span> <span class='ocrx_word' id='word_1_119' title='bbox 1092 1872 1155 1915; x_wconf 83' lang='lat' dir='ltr'>ore·</span> 
     </span>
     <span class='ocr_line' id='line_1_18' title="bbox 188 1939 1131 2021; baseline -0.001 -21"><span class='ocrx_word' id='word_1_120' title='bbox 188 1939 417 2012; x_wconf 83' lang='lat' dir='ltr'>C.Thoraninm,</span> <span class='ocrx_word' id='word_1_121' title='bbox 429 1957 623 2019; x_wconf 85' lang='lat' dir='ltr'>eanoproe-</span> <span class='ocrx_word' id='word_1_122' title='bbox 747 1940 816 2000; x_wconf 89' lang='lat' dir='ltr'>bros</span> <span class='ocrx_word' id='word_1_123' title='bbox 831 1940 905 2018; x_wconf 81' lang='lat' dir='ltr'>ignis</span> <span class='ocrx_word' id='word_1_124' title='bbox 914 1941 1050 2021; x_wconf 81' lang='lat' dir='ltr'>focerunt</span> <span class='ocrx_word' id='word_1_125' title='bbox 1062 1941 1131 2018; x_wconf 86' lang='lat' dir='ltr'>sor-</span> 
     </span>
     <span class='ocr_line' id='line_1_19' title="bbox 188 2022 1124 2086; baseline 0 -2"><span class='ocrx_word' id='word_1_126' title='bbox 188 2033 270 2085; x_wconf 88' lang='lat' dir='ltr'>sente</span> <span class='ocrx_word' id='word_1_127' title='bbox 285 2023 351 2086; x_wconf 82' lang='lat' dir='ltr'>vern</span> <span class='ocrx_word' id='word_1_128' title='bbox 366 2025 502 2086; x_wconf 87' lang='lat' dir='ltr'>facillime</span> <span class='ocrx_word' id='word_1_129' title='bbox 518 2042 591 2084; x_wconf 88' lang='lat' dir='ltr'>nos·</span> <span class='ocrx_word' id='word_1_130' title='bbox 747 2025 851 2085; x_wconf 89' lang='lat' dir='ltr'>midini</span> <span class='ocrx_word' id='word_1_131' title='bbox 867 2067 1045 2086; x_wconf 91' lang='grc'><strong>........</strong></span> <span class='ocrx_word' id='word_1_132' title='bbox 1066 2022 1124 2084; x_wconf 86' lang='lat' dir='ltr'>Vo-</span> 
     </span>
     <span class='ocr_line' id='line_1_20' title="bbox 119 2109 1115 2181; baseline 0 -12"><span class='ocrx_word' id='word_1_133' title='bbox 119 2159 120 2166; x_wconf 67' lang='grc'>,</span> <span class='ocrx_word' id='word_1_134' title='bbox 188 2117 336 2181; x_wconf 80' lang='lat' dir='ltr'>cenentur,</span> <span class='ocrx_word' id='word_1_135' title='bbox 354 2109 484 2170; x_wconf 85' lang='lat' dir='ltr'>miserat.</span> <span class='ocrx_word' id='word_1_136' title='bbox 519 2115 549 2169; x_wconf 87' lang='lat' dir='ltr'>et</span> <span class='ocrx_word' id='word_1_137' title='bbox 563 2115 609 2170; x_wconf 86' lang='lat' dir='ltr'>ta·</span> <span class='ocrx_word' id='word_1_138' title='bbox 747 2109 804 2169; x_wconf 92' lang='lat' dir='ltr'>rini</span> <span class='ocrx_word' id='word_1_139' title='bbox 820 2152 1115 2170; x_wconf 90' lang='grc'><strong>.............</strong></span> 
     </span>
     <span class='ocr_line' id='line_1_21' title="bbox 169 2193 1113 2273; baseline -0.001 -19"><span class='ocrx_word' id='word_1_140' title='bbox 169 2194 174 2200; x_wconf 83' lang='lat'>&#39;</span> <span class='ocrx_word' id='word_1_141' title='bbox 188 2212 256 2254; x_wconf 91' lang='lat' dir='ltr'>men</span> <span class='ocrx_word' id='word_1_142' title='bbox 272 2194 388 2254; x_wconf 89' lang='lat' dir='ltr'>interim</span> <span class='ocrx_word' id='word_1_143' title='bbox 406 2212 497 2273; x_wconf 90' lang='lat' dir='ltr'>quom</span> <span class='ocrx_word' id='word_1_144' title='bbox 512 2213 564 2254; x_wconf 90' lang='lat' dir='ltr'>vo·</span> <span class='ocrx_word' id='word_1_145' title='bbox 747 2193 771 2254; x_wconf 87' lang='lat' dir='ltr'>ti</span> <span class='ocrx_word' id='word_1_146' title='bbox 787 2237 1113 2255; x_wconf 86' lang='grc'><strong>..............</strong></span> 
     </span>
     <span class='ocr_line' id='line_1_22' title="bbox 187 2277 1122 2358; baseline -0.002 -19"><span class='ocrx_word' id='word_1_147' title='bbox 187 2277 338 2358; x_wconf 77' lang='lat' dir='ltr'>lentihlus)</span> <span class='ocrx_word' id='word_1_148' title='bbox 354 2297 478 2340; x_wconf 90' lang='lat' dir='ltr'>numero</span> <span class='ocrx_word' id='word_1_149' title='bbox 493 2284 633 2358; x_wconf 88' lang='lat' dir='ltr'>quattuor</span> <span class='ocrx_word' id='word_1_150' title='bbox 671 2287 704 2338; x_wconf 82' lang='lat'>20</span> <span class='ocrx_word' id='word_1_151' title='bbox 748 2321 1122 2340; x_wconf 88' lang='grc'><strong>................</strong></span> 
     </span>
    </p>
   </div>
   <div class='ocr_carea' id='block_1_3' title="bbox 146 2443 1221 4130">
    <p class='ocr_par' dir='ltr' id='par_1_3' title="bbox 146 2443 1221 4130">
     <span class='ocr_line' id='line_1_23' title="bbox 146 2443 1110 2524; baseline -0.002 -16"><span class='ocrx_word' id='word_1_152' title='bbox 146 2443 199 2508; x_wconf 86' lang='grc' dir='ltr'>ΙΙΙ</span> <span class='ocrx_word' id='word_1_153' title='bbox 198 2491 459 2508; x_wconf 87' lang='grc'><strong>............</strong></span> <span class='ocrx_word' id='word_1_154' title='bbox 473 2467 516 2508; x_wconf 74' lang='lat' dir='ltr'>*a</span> <span class='ocrx_word' id='word_1_155' title='bbox 528 2489 650 2507; x_wconf 91' lang='grc'><strong>......</strong></span> <span class='ocrx_word' id='word_1_156' title='bbox 703 2444 750 2506; x_wconf 79' lang='grc' dir='ltr'><em>Ν</em></span> <span class='ocrx_word' id='word_1_157' title='bbox 749 2489 1029 2507; x_wconf 90' lang='grc'><strong>............</strong></span> <span class='ocrx_word' id='word_1_158' title='bbox 1045 2456 1110 2524; x_wconf 84' lang='lat' dir='ltr'>post</span> 
     </span>
     <span class='ocr_line' id='line_1_24' title="bbox 232 2530 1134 2610; baseline -0.001 -18"><span class='ocrx_word' id='word_1_159' title='bbox 232 2578 238 2592; x_wconf 90' lang='lat'>.</span> <span class='ocrx_word' id='word_1_160' title='bbox 255 2578 262 2593; x_wconf 91' lang='lat'><strong>.</strong></span> <span class='ocrx_word' id='word_1_161' title='bbox 278 2577 286 2593; x_wconf 89' lang='lat'><strong>.</strong></span> <span class='ocrx_word' id='word_1_162' title='bbox 301 2533 385 2594; x_wconf 87' lang='lat' dir='ltr'>inviis</span> <span class='ocrx_word' id='word_1_163' title='bbox 401 2539 571 2592; x_wconf 84' lang='lat' dir='ltr'>convertere</span> <span class='ocrx_word' id='word_1_164' title='bbox 592 2576 599 2590; x_wconf 92' lang='lat'><strong>.</strong></span> <span class='ocrx_word' id='word_1_165' title='bbox 621 2535 651 2589; x_wconf 88' lang='lat' dir='ltr'>at</span> <span class='ocrx_word' id='word_1_166' title='bbox 746 2531 858 2610; x_wconf 86' lang='lat' dir='ltr'>aliquot</span> <span class='ocrx_word' id='word_1_167' title='bbox 873 2530 935 2590; x_wconf 86' lang='lat' dir='ltr'>dies</span> <span class='ocrx_word' id='word_1_168' title='bbox 950 2537 1052 2591; x_wconf 85' lang='lat' dir='ltr'>eontra</span> <span class='ocrx_word' id='word_1_169' title='bbox 1067 2549 1134 2591; x_wconf 91' lang='lat' dir='ltr'>mo-</span> 
     </span>
     <span class='ocr_line' id='line_1_25' title="bbox 245 2615 1128 2694; baseline 0 -20"><span class='ocrx_word' id='word_1_170' title='bbox 245 2615 383 2678; x_wconf 84' lang='lat' dir='ltr'>Vorinius</span> <span class='ocrx_word' id='word_1_171' title='bbox 399 2616 491 2678; x_wconf 84' lang='lat' dir='ltr'>multa</span> <span class='ocrx_word' id='word_1_172' title='bbox 506 2617 565 2677; x_wconf 88' lang='lat' dir='ltr'>iam</span> <span class='ocrx_word' id='word_1_173' title='bbox 581 2615 647 2675; x_wconf 83' lang='lat' dir='ltr'>luce</span> <span class='ocrx_word' id='word_1_174' title='bbox 744 2633 808 2676; x_wconf 91' lang='lat' dir='ltr'>rem</span> <span class='ocrx_word' id='word_1_175' title='bbox 824 2615 931 2675; x_wconf 80' lang='lat' dir='ltr'>fiducia</span> <span class='ocrx_word' id='word_1_176' title='bbox 946 2615 1044 2694; x_wconf 80' lang='lat' dir='ltr'>augeri</span> <span class='ocrx_word' id='word_1_177' title='bbox 1056 2632 1128 2675; x_wconf 92' lang='lat' dir='ltr'>nos-</span> 
     </span>
     <span class='ocr_line' id='line_1_26' title="bbox 259 2699 1190 2779; baseline -0.004 -15"><span class='ocrx_word' id='word_1_178' title='bbox 259 2703 424 2764; x_wconf 78' lang='lat' dir='ltr'>desiderans</span> <span class='ocrx_word' id='word_1_179' title='bbox 440 2701 524 2761; x_wconf 88' lang='lat' dir='ltr'>solita</span> <span class='ocrx_word' id='word_1_180' title='bbox 540 2720 557 2762; x_wconf 93' lang='lat' dir='ltr'>a</span> <span class='ocrx_word' id='word_1_181' title='bbox 571 2699 648 2778; x_wconf 79' lang='lat' dir='ltr'>fugi·</span> <span class='ocrx_word' id='word_1_182' title='bbox 745 2700 799 2760; x_wconf 88' lang='lat' dir='ltr'>tris</span> <span class='ocrx_word' id='word_1_183' title='bbox 815 2699 912 2778; x_wconf 89' lang='lat' dir='ltr'>eoepit</span> <span class='ocrx_word' id='word_1_184' title='bbox 927 2706 957 2759; x_wconf 87' lang='lat' dir='ltr'>et</span> <span class='ocrx_word' id='word_1_185' title='bbox 971 2699 1069 2778; x_wconf 88' lang='lat' dir='ltr'>promi</span> <span class='ocrx_word' id='word_1_186' title='bbox 1083 2699 1190 2779; x_wconf 85' lang='lat' dir='ltr'>lingua.</span> 
     </span>
     <span class='ocr_line' id='line_1_27' title="bbox 268 2783 1118 2864; baseline -0.002 -18"><span class='ocrx_word' id='word_1_187' title='bbox 268 2790 334 2847; x_wconf 77' lang='lat' dir='ltr'>uoto</span> <span class='ocrx_word' id='word_1_188' title='bbox 349 2785 478 2848; x_wconf 86' lang='lat' dir='ltr'>eonvieia</span> <span class='ocrx_word' id='word_1_189' title='bbox 492 2793 523 2846; x_wconf 89' lang='lat' dir='ltr'>et</span> <span class='ocrx_word' id='word_1_190' title='bbox 538 2786 568 2844; x_wconf 92' lang='lat' dir='ltr'>in</span> <span class='ocrx_word' id='word_1_191' title='bbox 583 2801 648 2844; x_wconf 85' lang='lat' dir='ltr'>uas·</span> <span class='ocrx_word' id='word_1_192' title='bbox 686 2795 701 2844; x_wconf 85' lang='lat'>5</span> <span class='ocrx_word' id='word_1_193' title='bbox 747 2803 805 2864; x_wconf 91' lang='lat' dir='ltr'>qua</span> <span class='ocrx_word' id='word_1_194' title='bbox 819 2783 954 2844; x_wconf 84' lang='lat' dir='ltr'>Varinius</span> <span class='ocrx_word' id='word_1_195' title='bbox 970 2791 1072 2844; x_wconf 88' lang='lat' dir='ltr'>eontra</span> <span class='ocrx_word' id='word_1_196' title='bbox 1088 2802 1118 2844; x_wconf 91' lang='lat' dir='ltr'>s-</span> 
     </span>
     <span class='ocr_line' id='line_1_28' title="bbox 281 2869 1099 2949; baseline -0.006 -16"><span class='ocrx_word' id='word_1_197' title='bbox 281 2881 329 2933; x_wconf 86' lang='lat' dir='ltr'>tro</span> <span class='ocrx_word' id='word_1_198' title='bbox 343 2871 490 2932; x_wconf 82' lang='lat' dir='ltr'>coniectus</span> <span class='ocrx_word' id='word_1_199' title='bbox 504 2869 644 2949; x_wconf 89' lang='lat' dir='ltr'>lapidum,</span> <span class='ocrx_word' id='word_1_200' title='bbox 743 2876 888 2948; x_wconf 87' lang='lat' dir='ltr'>peetatam</span> <span class='ocrx_word' id='word_1_201' title='bbox 904 2887 968 2928; x_wconf 87' lang='lat' dir='ltr'>rem</span> <span class='ocrx_word' id='word_1_202' title='bbox 984 2869 1099 2930; x_wconf 81' lang='lat' dir='ltr'>incaute</span> 
     </span>
     <span class='ocr_line' id='line_1_29' title="bbox 258 2951 1150 3035; baseline -0.002 -19"><span class='ocrx_word' id='word_1_203' title='bbox 258 2958 296 3018; x_wconf 82' lang='lat' dir='ltr'>od</span> <span class='ocrx_word' id='word_1_204' title='bbox 309 2955 363 3016; x_wconf 77' lang='lat' dir='ltr'>too</span> <span class='ocrx_word' id='word_1_205' title='bbox 378 2956 517 3035; x_wconf 88' lang='lat' dir='ltr'>strepitus</span> <span class='ocrx_word' id='word_1_206' title='bbox 532 2953 646 3014; x_wconf 90' lang='lat' dir='ltr'>tumul·</span> <span class='ocrx_word' id='word_1_207' title='bbox 744 2961 846 3014; x_wconf 87' lang='lat' dir='ltr'>motus</span> <span class='ocrx_word' id='word_1_208' title='bbox 861 2970 955 3014; x_wconf 91' lang='lat' dir='ltr'>novos</span> <span class='ocrx_word' id='word_1_209' title='bbox 970 2951 1150 3033; x_wconf 83' lang='lat' dir='ltr'>incognitos-</span> 
     </span>
     <span class='ocr_line' id='line_1_30' title="bbox 268 3037 1208 3118; baseline -0.003 -17"><span class='ocrx_word' id='word_1_210' title='bbox 268 3043 344 3101; x_wconf 82' lang='lat' dir='ltr'>tuosi</span> <span class='ocrx_word' id='word_1_211' title='bbox 356 3059 478 3100; x_wconf 83' lang='lat' dir='ltr'>sonores</span> <span class='ocrx_word' id='word_1_212' title='bbox 492 3039 647 3117; x_wconf 77' lang='lat' dir='ltr'>undiqtue)</span> <span class='ocrx_word' id='word_1_213' title='bbox 743 3037 988 3117; x_wconf 75' lang='lat' dir='ltr'>qtueletaliorum</span> <span class='ocrx_word' id='word_1_214' title='bbox 994 3038 1208 3118; x_wconf 74' lang='lat' dir='ltr'>easihtuslper-</span> 
     </span>
     <span class='ocr_line' id='line_1_31' title="bbox 224 3122 1188 3203; baseline -0.001 -18"><span class='ocrx_word' id='word_1_215' title='bbox 224 3127 414 3197; x_wconf 79' lang='lat' dir='ltr'>inruentium,</span> <span class='ocrx_word' id='word_1_216' title='bbox 430 3125 520 3184; x_wconf 89' lang='lat' dir='ltr'>mittit</span> <span class='ocrx_word' id='word_1_217' title='bbox 533 3122 647 3203; x_wconf 83' lang='lat' dir='ltr'>equites</span> <span class='ocrx_word' id='word_1_218' title='bbox 744 3124 843 3184; x_wconf 87' lang='lat' dir='ltr'>oulsos</span> <span class='ocrx_word' id='word_1_219' title='bbox 858 3122 965 3184; x_wconf 80' lang='lat' dir='ltr'>milites</span> <span class='ocrx_word' id='word_1_220' title='bbox 980 3123 1071 3193; x_wconf 87' lang='lat' dir='ltr'>ducit,</span> <span class='ocrx_word' id='word_1_221' title='bbox 1086 3131 1188 3186; x_wconf 90' lang='lat' dir='ltr'>tamen</span> 
     </span>
     <span class='ocr_line' id='line_1_32' title="bbox 303 3208 1096 3286; baseline 0 -18"><span class='ocrx_word' id='word_1_222' title='bbox 303 3253 310 3268; x_wconf 89' lang='lat'><strong>.</strong></span> <span class='ocrx_word' id='word_1_223' title='bbox 328 3255 334 3269; x_wconf 91' lang='lat'><em>.</em></span> <span class='ocrx_word' id='word_1_224' title='bbox 353 3254 359 3269; x_wconf 94' lang='lat'>.</span> <span class='ocrx_word' id='word_1_225' title='bbox 376 3255 383 3270; x_wconf 91' lang='lat'><strong>.</strong></span> <span class='ocrx_word' id='word_1_226' title='bbox 399 3228 451 3271; x_wconf 92' lang='lat' dir='ltr'>um</span> <span class='ocrx_word' id='word_1_227' title='bbox 466 3208 578 3270; x_wconf 88' lang='lat' dir='ltr'>eireum</span> <span class='ocrx_word' id='word_1_228' title='bbox 593 3225 647 3286; x_wconf 90' lang='lat' dir='ltr'>pro</span> <span class='ocrx_word' id='word_1_229' title='bbox 676 3216 708 3267; x_wconf 88' lang='lat'>10</span> <span class='ocrx_word' id='word_1_230' title='bbox 745 3208 780 3268; x_wconf 91' lang='lat' dir='ltr'>ad</span> <span class='ocrx_word' id='word_1_231' title='bbox 797 3215 892 3269; x_wconf 89' lang='lat' dir='ltr'>eastra</span> <span class='ocrx_word' id='word_1_232' title='bbox 906 3208 1096 3286; x_wconf 81' lang='lat' dir='ltr'>fugitivorum</span> 
     </span>
     <span class='ocr_line' id='line_1_33' title="bbox 272 3291 1151 3372; baseline -0.003 -18"><span class='ocrx_word' id='word_1_233' title='bbox 272 3338 398 3357; x_wconf 90' lang='grc'><strong>......</strong></span> <span class='ocrx_word' id='word_1_234' title='bbox 415 3302 448 3354; x_wconf 92' lang='lat' dir='ltr'>ut</span> <span class='ocrx_word' id='word_1_235' title='bbox 462 3296 648 3372; x_wconf 82' lang='lat' dir='ltr'>explorarent</span> <span class='ocrx_word' id='word_1_236' title='bbox 744 3311 846 3372; x_wconf 90' lang='lat' dir='ltr'>presso</span> <span class='ocrx_word' id='word_1_237' title='bbox 861 3292 951 3370; x_wconf 81' lang='lat' dir='ltr'>gradu</span> <span class='ocrx_word' id='word_1_238' title='bbox 966 3291 1077 3352; x_wconf 91' lang='lat' dir='ltr'>silentis</span> <span class='ocrx_word' id='word_1_239' title='bbox 1092 3291 1151 3352; x_wconf 92' lang='lat' dir='ltr'>iam</span> 
     </span>
     <span class='ocr_line' id='line_1_34' title="bbox 266 3375 1221 3458; baseline -0.004 -18"><span class='ocrx_word' id='word_1_240' title='bbox 266 3421 371 3439; x_wconf 87' lang='grc'><strong>.....</strong></span> <span class='ocrx_word' id='word_1_241' title='bbox 388 3397 402 3439; x_wconf 87' lang='lat' dir='ltr'>s</span> <span class='ocrx_word' id='word_1_242' title='bbox 417 3396 541 3458; x_wconf 91' lang='lat' dir='ltr'>propere</span> <span class='ocrx_word' id='word_1_243' title='bbox 557 3376 647 3436; x_wconf 88' lang='lat' dir='ltr'>vesti·</span> <span class='ocrx_word' id='word_1_244' title='bbox 744 3380 933 3454; x_wconf 73' lang='lat' dir='ltr'>neqlueltam</span> <span class='ocrx_word' id='word_1_245' title='bbox 943 3375 1221 3454; x_wconf 81' lang='lat' dir='ltr'>magnificesumen-</span> 
     </span>
     <span class='ocr_line' id='line_1_35' title="bbox 295 3459 1171 3539; baseline -0.001 -18"><span class='ocrx_word' id='word_1_246' title='bbox 295 3505 400 3522; x_wconf 90' lang='grc'><strong>.....</strong></span> <span class='ocrx_word' id='word_1_247' title='bbox 417 3482 450 3524; x_wconf 93' lang='lat' dir='ltr'>os</span> <span class='ocrx_word' id='word_1_248' title='bbox 463 3461 586 3523; x_wconf 84' lang='lat' dir='ltr'>eredens</span> <span class='ocrx_word' id='word_1_249' title='bbox 601 3461 646 3520; x_wconf 90' lang='lat' dir='ltr'>lo·</span> <span class='ocrx_word' id='word_1_250' title='bbox 745 3460 783 3520; x_wconf 93' lang='lat' dir='ltr'>tis</span> <span class='ocrx_word' id='word_1_251' title='bbox 798 3459 943 3539; x_wconf 89' lang='lat' dir='ltr'>proelium</span> <span class='ocrx_word' id='word_1_252' title='bbox 960 3478 1049 3539; x_wconf 89' lang='lat' dir='ltr'>quarn</span> <span class='ocrx_word' id='word_1_253' title='bbox 1065 3467 1171 3538; x_wconf 86' lang='lat' dir='ltr'>postn-</span> 
     </span>
     <span class='ocr_line' id='line_1_36' title="bbox 290 3544 1169 3624; baseline -0.002 -17"><span class='ocrx_word' id='word_1_254' title='bbox 290 3589 418 3606; x_wconf 90' lang='grc'><strong>......</strong></span> <span class='ocrx_word' id='word_1_255' title='bbox 435 3555 466 3607; x_wconf 90' lang='lat' dir='ltr'>to</span> <span class='ocrx_word' id='word_1_256' title='bbox 482 3556 581 3607; x_wconf 88' lang='lat' dir='ltr'>lamen</span> <span class='ocrx_word' id='word_1_257' title='bbox 597 3563 647 3624; x_wconf 83' lang='lat' dir='ltr'>ag·</span> <span class='ocrx_word' id='word_1_258' title='bbox 745 3545 874 3605; x_wconf 87' lang='lat' dir='ltr'>laverant</span> <span class='ocrx_word' id='word_1_259' title='bbox 891 3589 898 3604; x_wconf 89' lang='lat'><strong>.</strong></span> <span class='ocrx_word' id='word_1_260' title='bbox 915 3551 1003 3624; x_wconf 88' lang='lat' dir='ltr'>atque</span> <span class='ocrx_word' id='word_1_261' title='bbox 1019 3544 1059 3604; x_wconf 92' lang='lat' dir='ltr'>illi</span> <span class='ocrx_word' id='word_1_262' title='bbox 1074 3552 1169 3605; x_wconf 82' lang='lat' dir='ltr'>certa-</span> 
     </span>
     <span class='ocr_line' id='line_1_37' title="bbox 351 3628 1172 3711; baseline 0 -21"><span class='ocrx_word' id='word_1_263' title='bbox 351 3675 477 3692; x_wconf 91' lang='grc'><strong>......</strong></span> <span class='ocrx_word' id='word_1_264' title='bbox 492 3648 601 3711; x_wconf 85' lang='lat' dir='ltr'>pavens</span> <span class='ocrx_word' id='word_1_265' title='bbox 615 3649 647 3690; x_wconf 89' lang='lat' dir='ltr'>se</span> <span class='ocrx_word' id='word_1_266' title='bbox 673 3647 703 3696; x_wconf 85' lang='lat'>15</span> <span class='ocrx_word' id='word_1_267' title='bbox 742 3630 822 3690; x_wconf 90' lang='lat' dir='ltr'>mine</span> <span class='ocrx_word' id='word_1_268' title='bbox 838 3629 952 3688; x_wconf 83' lang='lat' dir='ltr'>consilii</span> <span class='ocrx_word' id='word_1_269' title='bbox 969 3628 1045 3690; x_wconf 90' lang='lat' dir='ltr'>inter</span> <span class='ocrx_word' id='word_1_270' title='bbox 1059 3647 1090 3689; x_wconf 89' lang='lat' dir='ltr'>se</span> <span class='ocrx_word' id='word_1_271' title='bbox 1106 3629 1172 3691; x_wconf 78' lang='lat' dir='ltr'>iux-</span> 
     </span>
     <span class='ocr_line' id='line_1_38' title="bbox 392 3713 1152 3792; baseline 0 -18"><span class='ocrx_word' id='word_1_272' title='bbox 392 3760 398 3774; x_wconf 91' lang='lat'><em>.</em></span> <span class='ocrx_word' id='word_1_273' title='bbox 416 3760 423 3774; x_wconf 93' lang='lat'><strong>.</strong></span> <span class='ocrx_word' id='word_1_274' title='bbox 440 3761 446 3774; x_wconf 92' lang='lat'><em>.</em></span> <span class='ocrx_word' id='word_1_275' title='bbox 462 3760 472 3789; x_wconf 21' lang='lat' dir='ltr'>s.</span> <span class='ocrx_word' id='word_1_276' title='bbox 489 3760 496 3775; x_wconf 88' lang='lat'><strong>.</strong></span> <span class='ocrx_word' id='word_1_277' title='bbox 513 3760 519 3775; x_wconf 92' lang='lat'>.</span> <span class='ocrx_word' id='word_1_278' title='bbox 536 3743 551 3775; x_wconf 63' lang='lat' dir='ltr'>o</span> <span class='ocrx_word' id='word_1_279' title='bbox 567 3713 648 3792; x_wconf 89' lang='lat' dir='ltr'>dupli</span> <span class='ocrx_word' id='word_1_280' title='bbox 744 3721 774 3774; x_wconf 89' lang='lat' dir='ltr'>ta</span> <span class='ocrx_word' id='word_1_281' title='bbox 789 3713 964 3774; x_wconf 87' lang='lat' dir='ltr'>seditionem</span> <span class='ocrx_word' id='word_1_282' title='bbox 979 3722 1071 3786; x_wconf 89' lang='lat' dir='ltr'>erant,</span> <span class='ocrx_word' id='word_1_283' title='bbox 1089 3713 1152 3776; x_wconf 81' lang='lat' dir='ltr'>Cri-</span> 
     </span>
     <span class='ocr_line' id='line_1_39' title="bbox 360 3797 1166 3877; baseline 0 -19"><span class='ocrx_word' id='word_1_284' title='bbox 360 3843 514 3860; x_wconf 91' lang='grc'><strong>.......</strong></span> <span class='ocrx_word' id='word_1_285' title='bbox 532 3828 546 3860; x_wconf 72' lang='lat'>*</span> <span class='ocrx_word' id='word_1_286' title='bbox 562 3817 647 3860; x_wconf 88' lang='lat' dir='ltr'>umas</span> <span class='ocrx_word' id='word_1_287' title='bbox 745 3818 782 3860; x_wconf 87' lang='lat' dir='ltr'>xo</span> <span class='ocrx_word' id='word_1_288' title='bbox 798 3806 827 3858; x_wconf 91' lang='lat' dir='ltr'>et</span> <span class='ocrx_word' id='word_1_289' title='bbox 841 3797 935 3877; x_wconf 82' lang='lat' dir='ltr'>gentis</span> <span class='ocrx_word' id='word_1_290' title='bbox 952 3798 1083 3860; x_wconf 87' lang='lat' dir='ltr'>eiusdem</span> <span class='ocrx_word' id='word_1_291' title='bbox 1098 3799 1166 3859; x_wconf 86' lang='lat' dir='ltr'>Gal-</span> 
     </span>
     <span class='ocr_line' id='line_1_40' title="bbox 347 3881 1206 3962; baseline -0.005 -17"><span class='ocrx_word' id='word_1_292' title='bbox 347 3881 352 3889; x_wconf 65' lang='grc'><em>”</em></span> <span class='ocrx_word' id='word_1_293' title='bbox 405 3927 583 3944; x_wconf 88' lang='grc'><strong>........</strong></span> <span class='ocrx_word' id='word_1_294' title='bbox 600 3912 615 3944; x_wconf 63' lang='lat' dir='ltr'>a</span> <span class='ocrx_word' id='word_1_295' title='bbox 631 3903 648 3944; x_wconf 89' lang='lat' dir='ltr'>a</span> <span class='ocrx_word' id='word_1_296' title='bbox 744 3883 779 3942; x_wconf 92' lang='lat' dir='ltr'>lis</span> <span class='ocrx_word' id='word_1_297' title='bbox 794 3888 909 3962; x_wconf 83' lang='lat' dir='ltr'>atqtuel</span> <span class='ocrx_word' id='word_1_298' title='bbox 922 3883 1075 3944; x_wconf 87' lang='lat' dir='ltr'>Germanis</span> <span class='ocrx_word' id='word_1_299' title='bbox 1091 3883 1206 3943; x_wconf 87' lang='lat' dir='ltr'>obviarn</span> 
     </span>
     <span class='ocr_line' id='line_1_41' title="bbox 744 3963 1160 4046; baseline -0.007 -18"><span class='ocrx_word' id='word_1_300' title='bbox 744 3967 787 4028; x_wconf 93' lang='lat' dir='ltr'>ire</span> <span class='ocrx_word' id='word_1_301' title='bbox 801 3975 832 4030; x_wconf 87' lang='lat' dir='ltr'>et</span> <span class='ocrx_word' id='word_1_302' title='bbox 847 3963 924 4027; x_wconf 80' lang='lat' dir='ltr'>ult&#39;ro</span> <span class='ocrx_word' id='word_1_303' title='bbox 939 3969 1016 4027; x_wconf 84' lang='lat' dir='ltr'>ferre</span> <span class='ocrx_word' id='word_1_304' title='bbox 1032 3984 1160 4046; x_wconf 77' lang='lat' dir='ltr'>pugnarn</span> 
     </span>
     <span class='ocr_line' id='line_1_42' title="bbox 419 4051 1204 4130; baseline -0.004 -17"><span class='ocrx_word' id='word_1_305' title='bbox 419 4075 429 4113; x_wconf 56' lang='lat'>.¹</span> <span class='ocrx_word' id='word_1_306' title='bbox 443 4095 645 4114; x_wconf 89' lang='grc'><strong>.........</strong></span> <span class='ocrx_word' id='word_1_307' title='bbox 672 4068 706 4118; x_wconf 80' lang='lat' dir='ltr'>no</span> <span class='ocrx_word' id='word_1_308' title='bbox 743 4051 962 4130; x_wconf 79' lang='lat' dir='ltr'>cupientibtus),</span> <span class='ocrx_word' id='word_1_309' title='bbox 975 4051 1204 4130; x_wconf 87' lang='lat' dir='ltr'>eontraSparta·</span> 
     </span>
    </p>
   </div>
   <div class='ocr_carea' id='block_1_4' title="bbox 0 0 1432 4678">
    <p class='ocr_par' dir='ltr' id='par_1_4' title="bbox 0 0 1432 4678">
     <span class='ocr_line' id='line_1_43' title="bbox 0 0 1432 4678; baseline 0 0"><span class='ocrx_word' id='word_1_310' title='bbox 0 0 1432 4678; x_wconf 95' lang='lat' dir='ltr'> </span> 
     </span>
    </p>
   </div>
  </div>
 </body>
</html>
