2846 4682
221 371 262 433 38
320 370 346 420 C.
367 365 526 461 snupusrl
544 365 651 418 culsne
663 365 705 416 DE
724 361 971 418 conluunrlonu
990 361 1168 414 CATILINAE

184 537 201 588 4
221 524 423 587 conciderent
447 523 569 586 Catilina
589 539 665 582 vero.
677 521 762 600 longe
781 539 799 580 a
818 519 880 580 suis
898 518 976 581 inter
989 517 1126 580 ¹hostium
1141 517 1281 580 cadavera

220 615 355 688 repertus
370 615 428 680 est,
450 607 602 687 paululum
617 606 706 688 etiam
720 605 834 684 spirans
848 603 1047 682 ferociamque
1059 603 1167 672 animi,
1188 621 1282 684 quam

185 707 200 754 5
221 695 365 756 habuerat
384 693 477 764 vivos,
500 693 532 753 in
547 692 627 752 voltu
640 691 781 752 retinens.
808 696 963 770 postremo
979 689 1111 749 exomni
1126 689 1209 768 copia
1223 706 1279 750 ne-

135 827 138 830 .
221 797 277 857 que
292 778 323 838 in
337 777 448 873 proelio
463 795 559 856 neque
573 777 605 836 in
618 777 687 855 fuga
701 775 857 872 quisquam
869 775 938 836 civis
950 775 1093 854 ingenuus
1103 781 1206 853 captus
1217 781 1277 836 est:

149 873 198 922 ot
220 862 262 922 ita
281 862 379 923 cuncti
397 880 467 922 suae
482 862 672 940 hostiumque
692 861 767 921 vitae
786 859 867 921 iuxta
886 865 1086 956 pepercerant.
1115 877 1213 957 neque
1232 865 1278 920 ta·
1303 867 1321 916 5.

220 963 289 1006 men
308 946 453 1031 exercitus
472 946 574 1026 populi
587 945 713 1006 Romani
732 946 838 1006 laetam
859 951 911 1006 aut
928 944 1112 1005 incruentam
1126 943 1280 1006 victoriam

219 1031 341 1110 adeptus
356 1039 429 1092 erat.
407 1038 528 1092 tnarn
543 1031 775 1090 strenuissumus
790 1029 913 1109 quisque
928 1037 979 1090 aut
993 1027 1158 1091 occiderat
1149 1047 1180 1090 m
1191 1047 1278 1110 proe-

183 1128 198 1177 8
219 1115 259 1176 lio
279 1122 343 1176 aut
349 1115 441 1194 gravit
442 1133 475 1174 er
429 1114 660 1176 tvolneratus
682 1114 861 1176 discesserat
892 1115 978 1175 multi
996 1122 1110 1187 autem,
1132 1115 1183 1194 qui
1198 1134 1215 1176 e
1229 1133 1278 1176 ca

219 1199 289 1260 stris
303 1200 484 1260 visundit
433 1205 484 1260 aut
497 1199 643 1279 spoliandi
656 1199 747 1278 gratia
761 1206 980 1278 processerant,
997 1201 1145 1260 volventes
1161 1199 1278 1260 hostilia

220 1285 360 1345 cadavera
388 1284 517 1344 amicum
549 1284 596 1344 alii
614 1303 690 1364 pam
717 1284 866 1364 hospitem
891 1293 942 1346 aut
966 1291 1123 1364 cognatum
1148 1285 1276 1363 reperie-
1302 1289 1339 1341 10

183 1383 199 1434 9
220 1369 306 1442 bant3
325 1369 417 1446 fuere
428 1369 499 1428 item
520 1369 571 1448 qui
590 1369 724 1430 inimicos
744 1373 814 1430 suos
829 1377 1064 1450 cognoscerent..
1078 1369 1119 1430 ita
1133 1369 1210 1430 varie
1225 1386 1281 1449 per

221 1471 341 1525 omnem
366 1453 529 1514 exercitum
554 1453 663 1514 laetitia
687 1473 814 1515 maerori
827 1455 923 1516 luctus
949 1463 1038 1533 atque
1063 1454 1167 1533 gaudia
1186 1453 1277 1533 agita-

220 1537 336 1598 bantur.

194 1671 198 1676 *
221 1669 420 1684 —3--1-—0—-1-2·

275 1756 300 1804 1
321 1755 490 1820 conciderant]
508 1773 543 1806 ee
559 1751 682 1820 Sallustio
700 1758 831 1810 Charisius
845 1775 872 1826 p.
866 1757 936 1808 Ace
950 1757 1088 1809 Diomedes
1103 1774 1152 1825 p.
1146 1757 1200 1807 333
1214 1759 1277 1808 tuce

218 1823 313 1872 tabent
324 1823 371 1872 elis
388 1823 450 1873 alibi
460 1831 563 1874 stantes
579 1816 724 1877 ceciderunt
740 1827 785 1876 sed
801 1841 886 1876 omnes
904 1834 986 1876 tumen
1002 1826 1119 1876 aduersis
1130 1825 1277 1876 uolneribus

219 1891 382 1940 conciderunt
394 1891 567 1954 (conciderunt
579 1908 629 1944 mn.
641 1899 765 1961 excerpta
776 1895 933 1958 Bobcenctatz
927 1894 994 1944 wod
1002 1909 1093 1944 vereor
1103 1911 1135 1944 ne
1146 1911 1182 1946 ecc
1192 1895 1278 1945 verce

220 1973 240 2006 c
243 1956 295 2017 ’,60
307 1959 521 2024 ‹itaeoeooflatu
533 1963 586 2010 rint
602 1959 611 2028 i
629 1963 644 2012 5
661 1962 734 2012 iuxta
751 1977 800 2012 om.
814 1962 838 2012 P
860 1961 869 2026 ΙΙ
891 1962 906 2012 8
928 1963 970 2027 qui
986 1963 1155 2028 eoaeqnaeP
1170 1959 1179 2028 ΙΙ
1198 1963 1229 2012 13
1249 1961 1276 2013 C.

220 2023 390 2077 sALLvsrn
407 2025 509 2077 CRISPI
521 2027 656 2080 unLLvn
672 2028 826 2080 CATlLlNE
838 1978 993 2081 EXPLICIT
1009 2028 1128 2080 INCIPIT
1141 2029 1277 2082 BELLVM

220 2091 429 2162 IVGVRTHINV
440 2111 465 2159 P
