2854 4678
454 363 645 419 onnnotttts
662 365 706 418 ΕΤ
723 364 907 420 EPISTULAE
1148 369 1207 433 123

145 521 275 602 spolium
288 521 365 600 regis
376 521 513 582 Antiochi
523 521 621 602 recepi
633 527 663 582 et
673 520 810 582 Graeciae
822 521 937 601 dempsi
947 539 1033 601 grave
1044 522 1207 585 servitium.

146 607 263 688 incepta
287 624 354 667 mea
378 613 548 685 postremus
574 623 728 668 servorum
754 606 914 668 Archelaus
941 607 1072 668 exercitu
1090 608 1208 688 prodito
1231 615 1263 668 ta

145 690 312 770 impedivit:
329 690 444 770 illique,
467 708 544 770 quos
558 689 671 770 ignavia
685 698 736 752 aut
750 709 838 770 prava
849 691 1003 764 calliditas,
1026 693 1150 754 ulmeis
1165 693 1209 755 la-

145 775 267 838 boribus
281 775 338 836 tuti
348 784 457 848 essent,
472 774 561 836 armis
571 775 722 848 abstinuit;
737 775 949 838 acerbissumas
960 772 1070 856 poenas
1080 778 1209 850 solvunt,

111 870 126 922 t
146 860 334 922 Ptolemaeus
353 855 447 940 prelio
462 861 570 920 indies
586 861 695 922 bellum
709 861 872 940 prolatans,
889 861 1043 923 Cretenses
1057 862 1210 942 inpugnati

146 945 241 1006 semel
264 945 325 1006 iam
349 962 446 1025 neque
466 945 556 1006 finem
575 945 633 1006 nisi
651 945 765 1008 erudio
785 945 922 1007 babituri.
959 946 1097 1025 equidem
1116 965 1209 1026 quom
1232 951 1263 1004 11

146 1029 221 1091 mibi
241 1029 278 1090 ob
298 1029 431 1109 ipsorum
450 1029 567 1090 interna
581 1030 658 1092 mala
672 1031 760 1092 dilata
769 1030 881 1110 proelia
894 1031 986 1110 magis
1001 1049 1091 1110 quam
1105 1049 1209 1111 pacem

147 1114 247 1176 mtam
257 1113 467 1193 intellegerem,
479 1114 627 1176 abnuente
638 1115 772 1195 Tigrane.
787 1115 840 1194 qui
851 1133 917 1176 mea
927 1115 1003 1176 dicta
1015 1133 1082 1177 sero
1093 1115 1208 1194 probat,

145 1207 176 1259 te
197 1206 314 1260 remoto
330 1199 447 1278 procu,
468 1199 606 1261 omnibus
620 1199 683 1262 aliis
698 1199 847 1272 obnoxiis,
866 1217 970 1261 rursus
984 1208 1084 1262 tamen
1099 1200 1210 1262 bellum

97 1297 128 1349 11
147 1285 231 1363 coepi
251 1283 441 1364 Marcumque
456 1283 586 1356 Cottam,
607 1284 776 1346 Romanum
792 1285 912 1357 ducem,
933 1285 1010 1364 apud
1026 1285 1209 1347 Chalcedona

146 1375 224 1430 terra
237 1367 314 1441 fodi,
331 1371 405 1430 mari
419 1369 487 1429 exui
502 1371 594 1431 classe
609 1369 825 1448 pulcherruma.
856 1370 933 1450 apud
949 1369 1085 1450 Cyzicum
1100 1388 1208 1450 magno
1232 1375 1264 1426 ¹4

146 1471 215 1514 cum
230 1453 404 1514 exercituin
419 1453 532 1514 obsidio
548 1455 676 1515 moranti
689 1455 875 1516 frumentum
886 1454 989 1526 deluit,
1005 1455 1087 1516 nullo
1097 1455 1210 1517 circum

28 1537 31 1548 '
147 1537 313 1611 adnitente3
332 1537 422 1599 simul
440 1538 536 1600 biems
555 1538 630 1600 mari
650 1538 833 1618 prohibebat.
869 1539 922 1610 ita,
944 1539 1007 1598 sine
1028 1540 1055 1600 vi
1076 1540 1209 1602 bostium

146 1621 260 1702 regredi
279 1630 401 1684 conatus
420 1623 452 1683 iu
470 1622 599 1703 patrium
618 1641 757 1703 regnum,
777 1623 936 1702 naufragiis
951 1624 1029 1702 apud
1043 1624 1161 1686 Parium
1178 1631 1209 1685 et

97 1720 126 1771 tt
146 1706 316 1768 Heracleam
345 1707 475 1768 militum
504 1714 644 1787 optumos
672 1727 741 1769 cum
756 1707 910 1769 *classibus
938 1707 1031 1768 amisi.
1071 1709 1209 1770 restituto
1232 1717 1263 1766 ts

145 1791 251 1853 deinde
266 1791 344 1870 apud
359 1792 500 1854 Caberam
515 1792 643 1854 exercitu
658 1800 689 1854 et
703 1793 789 1854 variis
804 1793 881 1853 inter
894 1801 1041 1872 meatque
1053 1792 1208 1855 Lucullum

145 1876 275 1956 proebis‚
291 1875 389 1956 inopia
403 1895 507 1938 rursus
522 1877 627 1938 ambos
641 1877 767 1938 incessit.
794 1877 836 1938 illi
850 1877 970 1938 suberat
983 1895 1107 1956 regnum
1122 1879 1209 1940 Ario-

145 1960 279 2022 barzanis
298 1959 375 2022 bello
395 1961 553 2023 intactum:
580 1980 649 2040 ego,
669 1962 756 2022 vastis
776 1961 888 2022 dacum
908 1962 1046 2023 omnibus
1067 1962 1153 2035 locis,
1177 1963 1209 2024 in

146 2045 318 2106 Armeniam
333 2046 465 2107 concessi
478 2045 630 2126 secmique
642 2046 768 2107 Romani
782 2063 912 2119 nonme,
929 2047 980 2106 sed
992 2066 1108 2108 morem
1119 2065 1209 2108 suum

96 2142 129 2196 tt
148 2131 247 2191 omnia
267 2147 357 2210 regua
375 2129 584 2203 subvortundi,
605 2130 674 2210 qnia
694 2131 915 2192 multitudinem
935 2131 1006 2191 artis
1026 2131 1096 2192 locis
1110 2149 1209 2214 pugna

147 2215 334 2296 prohibuere,
351 2215 568 2294 inprudentiam
584 2215 716 2296 Tigranis
731 2234 785 2294 pro
799 2215 920 2277 victoria
934 2223 1092 2278 ostentant.

229 2299 316 2360 Nunc
335 2318 446 2379 quaeso
467 2299 633 2372 considera,
658 2301 744 2361 nobis
765 2300 913 2381 oppressis
928 2310 1029 2362 utrum
1044 2301 1208 2362 firmiorem
1230 2307 1262 2359 tn

144 2391 174 2445 te
189 2383 226 2444 ad
241 2384 457 2456 resistundum,
474 2402 512 2444 an
526 2385 616 2446 linem
631 2385 698 2445 bebi
712 2386 847 2446 luturnm
862 2382 972 2466 putes?
991 2386 1051 2447 scio
1069 2385 1208 2466 equidem

146 2469 199 2529 tibi
213 2487 334 2549 magnas
349 2488 420 2548 opes
431 2469 562 2531 virorum
577 2487 730 2530 armorum
741 2477 772 2531 et
787 2470 852 2530 auri
867 2488 946 2543 esse;
961 2477 992 2530 et
1006 2489 1039 2530 ea
1050 2488 1082 2530 re
1094 2488 1110 2530 a
1122 2471 1208 2531 uobis

94 2563 125 2616 2⁵
145 2554 182 2614 ad
200 2554 386 2626 societatem,
406 2553 516 2614 abillis
538 2554 575 2614 ad
594 2554 734 2634 praedam
755 2555 874 2632 peteris.
904 2562 1036 2614 ceterum
1051 2555 1207 2616 eonsilium
1244 2597 1247 2602 -

144 2646 200 2710 est,
215 2637 349 2718 Tigranis
363 2655 453 2718 regno
468 2637 592 2718 integro,
608 2639 683 2700 meis
697 2638 839 2700 militibus
852 2637 921 2699 belli
931 2639 1125 2718 prudentibus
1137 2657 1208 2718 pro-

145 2723 195 2786 cul
209 2723 245 2802 ab
260 2723 365 2796 domo,
386 2741 477 2803 parvo
494 2723 593 2785 labore
608 2731 776 2803 pernostra
791 2741 914 2803 corpora
929 2723 1038 2784 bellum
1054 2723 1206 2796 conticere,

114 2803 125 2818 ⁹
146 2825 208 2887 qno
227 2825 323 2888 neque
344 2808 459 2869 vincere
478 2825 575 2888 neque
589 2807 665 2869 vinci
679 2808 742 2870 sine
757 2815 810 2868 tuo
825 2807 956 2887 periculo
971 2826 1140 2888 possumus.
1170 2825 1209 2868 an
1231 2817 1261 2868 tt

145 2892 265 2972 ignores
283 2894 447 2965 Romanos,
473 2903 632 2974 postquam
651 2893 688 2954 ad
708 2892 892 2954 occidentem
911 2893 1099 2972 pergentibus
1118 2893 1209 2952 finem

95 2986 128 3037 11
147 2977 280 3039 Oceanus
291 2978 369 3050 fecit,
385 2995 467 3038 arma
477 2977 537 3039 buc
547 2974 751 3039 convertisse?
762 2995 858 3056 neque
869 2977 1027 3056 quicquam
1039 2995 1055 3036 a
1065 2977 1210 3058 principio

146 3062 204 3124 nisi
218 3069 337 3142 raptum
352 3062 469 3134 babere,
485 3063 609 3124 domum
619 3062 758 3142 coniuges
768 3080 853 3148 agros
864 3059 1048 3142 imperium?
1064 3079 1210 3124 convenas

146 3147 219 3208 olim
233 3147 297 3207 sine
312 3147 404 3226 patria
418 3147 603 3226 parentibus,
618 3155 701 3227 peste
716 3147 851 3208 conditos
867 3147 945 3208 orbis
960 3155 1120 3210 terrarum:
1142 3149 1210 3227 qui-

146 3231 202 3294 bus
223 3249 286 3293 non
305 3233 434 3292 humana
448 3232 507 3292 nlla
521 3249 618 3312 neque
633 3231 730 3292 divina
745 3231 879 3304 obstant,
901 3232 973 3311 quin
987 3231 1084 3293 socios
1099 3233 1210 3293 amicos

146 3316 250 3396 procul
265 3316 345 3378 iuxta
360 3317 443 3390 sitos,
458 3316 561 3396 inopes
576 3317 766 3396 potentisque
780 3317 898 3378 trahant
913 3316 1077 3387 excludant,
1094 3316 1210 3376 omnia-

96 3407 127 3458 aa
147 3419 206 3480 que
224 3415 286 3462 non
305 3419 388 3461 serva
402 3409 433 3462 et
447 3419 585 3462 maxume
598 3419 687 3480 regna
701 3401 819 3461 hostilia
834 3400 951 3460 ducam.
981 3417 1110 3478 namque
1125 3400 1210 3479 pauci
1233 3411 1264 3463 18

147 3485 326 3558 libertatem,
347 3504 415 3564 pars
430 3503 536 3564 magna
551 3486 644 3546 iustos
659 3485 797 3547 dominos
811 3485 927 3545 volunt:
942 3501 998 3546 nos
1013 3485 1142 3564 suspecti
1157 3503 1210 3546 su-

220 3687 229 3736 l
251 3687 449 3754 graeciaedernsi
466 3689 512 3752 (ae
527 3689 616 3738 oreled
633 3691 660 3738 in
672 3689 742 3748 ros.)
756 3688 785 3738 V
802 3685 812 3754 ll
833 3688 849 3738 6
866 3687 975 3740 habitur.
989 3687 1102 3752 equidem
1116 3687 1144 3739 V
1153 3684 1164 3754 ΙΙ
1180 3687 1210 3738 to

149 3755 302 3807 calchadona
315 3755 344 3807 V
358 3753 368 3824 ΙΙ
386 3757 414 3806 16
432 3757 549 3808 cuborum
562 3756 596 3816 V,
609 3755 701 3806 Cabiro
715 3755 805 3806 Carrio
822 3753 832 3822 ΙΙ
853 3757 880 3804 ll
900 3771 977 3822 prope
991 3770 1040 3822 pro
1052 3755 1156 3820 proeliis
1169 3770 1211 3805 co·

96 3827 101 3833 '
149 3823 202 3874 dec
215 3823 328 3875 Charisii
336 3840 362 3894 pv
378 3823 428 3874 119
440 3823 449 3891 ΙΙ
463 3824 495 3874 25
514 3824 618 3890 petieris
631 3823 713 3874 codem
726 3823 838 3874 Charisii
846 3840 872 3892 p.
887 3823 938 3874 196
951 3825 960 3889 ΙΙ
979 3823 1011 3873 26
1029 3823 1090 3873 belli
1102 3824 1209 3890 pruden-

149 3892 218 3942 tibus
231 3891 329 3943 Charis.
344 3893 354 3942 l
374 3907 405 3953 c,
417 3908 467 3941 om.
482 3891 510 3942 V
517 3891 526 3958 ll
535 3894 564 3939 'li
579 3907 657 3958 paruo
669 3892 758 3941 labore
771 3892 805 3953 V,
818 3907 867 3942 om„
883 3891 975 3942 Choria
986 3891 1002 3941 t.
1016 3906 1046 3951 n,
1058 3891 1107 3941 del.
1119 3889 1210 3940 Lanke-

149 3959 258 4025 1131Ιῖ8
276 3977 324 4025 quo
339 3958 495 4018 Gerlocbins,
508 3964 555 4024 qud
569 3960 602 4018 V,
616 3961 714 4025 quando
726 3960 823 4022 Aldus,
835 3977 883 4026 quo
897 3961 969 4010 modo
981 3959 1028 4009 olii
1039 3957 1048 4019 ll
1061 3959 1091 4008 31
1113 3965 1211 4024 raptum

152 4025 312 4090 ciacconius,
326 4035 426 4094 portum
443 4027 472 4078 V
486 4027 495 4094 ll
514 4028 546 4076 :ta
565 4027 695 4077 siccante
711 4029 857 4093 parentibus
876 4030 980 4080 iteratii
996 4026 1080 4076 Aldus
1104 4024 1114 4092 Ι]
1138 4033 1211 4092 parte

152 4095 266 4145 conditor
278 4095 348 4146 orbis
359 4102 487 4146 terrarum
498 4093 605 4145 Seniue
616 4096 683 4147 Aeo.
698 4094 720 4160 7,
731 4093 785 4144 303
