2854 4678
143 378 145 383 ’
222 366 263 426 94
591 362 618 414 C.
633 363 792 415 SALLUSTl
810 363 912 415 CRISPI

224 530 253 583 et
267 521 333 583 altis
348 519 614 582 machinationibus
629 522 710 582 locus
726 521 911 600 inportunus,
923 520 979 580 iter
990 517 1215 582 castellanorum
1227 538 1282 580 an-

187 619 202 669 8
224 615 342 686 gustum
357 606 528 678 admodum,
543 607 691 686 utrimque
707 606 880 686 praecisum.
906 605 1008 667 vineae
1022 623 1090 666 eum
1102 605 1213 685 ingenti
1227 624 1282 684 pe-

223 693 314 753 riculo
330 692 438 752 frustra
453 691 620 770 agebantur.
655 709 724 752 nam
740 710 807 752 cnm
823 709 873 752 eae
887 691 974 770 paulo
988 699 1206 770 processerant,
1222 691 1282 770 igni

187 790 202 839 9
223 784 274 838 aut
293 776 436 855 lapidibus
456 777 739 856 conrumpebantnr‚
760 776 868 836 milites
887 794 983 855 neque
1000 795 1053 855 pro
1075 793 1162 856 opere
1181 776 1282 836 consi-

224 869 300 922 stere
320 868 443 940 propter
461 862 655 942 iniquitatem*
668 861 725 922 loci
743 879 839 940 neque
859 861 936 922 inter
954 860 1062 921 vineas·
1073 861 1137 921 sine
1150 860 1281 940 periculo
1303 875 1319 922 5
1417 859 1423 918 l

223 947 442 1008 administrare:
460 954 600 1025 optumus
616 947 740 1025 quisque
755 946 855 1006 cadere
871 955 922 1006 aut
936 946 1072 1017 sauciari,
1095 946 1200 1006 ceteris
1215 965 1281 1005 me-

160 1036 201 1100 93
222 1039 270 1092 tus
286 1032 393 1110 augeri.
416 1040 446 1092 at
460 1030 567 1091 Marius
582 1031 683 1092 multis
698 1031 800 1091 diebus
815 1038 845 1090 et
857 1031 1006 1091 laboribus
1021 1031 1214 1108 consumptis,
1227 1047 1282 1089 an-

223 1117 288 1178 xius
314 1117 430 1176 trahere
457 1134 525 1175 cum
553 1115 651 1176 animo
671 1134 726 1176 suo
750 1116 937 1177 omitteretne
957 1116 1121 1194 inceptum,
1141 1114 1282 1194 quoniam

222 1201 332 1262 frustra
346 1208 424 1273 erat,
445 1218 482 1260 an
492 1201 647 1268 fortunam
664 1201 861 1280 opperiretur,
883 1219 939 1278 qua
953 1219 1039 1278 saepe
1054 1218 1195 1278 prospere
1209 1217 1282 1260 usus

185 1285 325 1352 aluerat.
356 1303 513 1362 quaecum
528 1285 639 1346 multos
654 1286 716 1346 dies
730 1286 883 1364 noctisque
898 1293 1033 1346 aestuans
1050 1285 1187 1362 agitaret,
1204 1285 1282 1344 forte
1305 1297 1339 1346 ιο
1423 1349 1424 1370 χ

222 1369 342 1448 quidam
364 1369 452 1448 Ligus
479 1389 515 1429 ex
538 1369 710 1430 cohortibus
730 1369 885 1431 auxiliariis
907 1371 990 1430 miles
1010 1369 1158 1448 gregarius
1179 1369 1281 1428 castris
1423 1371 1424 1382 ²

222 1461 361 1532 aquatum
376 1471 511 1532 egressus
527 1455 604 1514 haud
621 1455 723 1532 procul
737 1455 774 1514 ab
789 1456 878 1514 latere
893 1454 1011 1525 castelli,
1028 1453 1106 1532 quod
1122 1453 1280 1512 advorsum

221 1538 429 1618 proeliantibus
445 1546 521 1609 erat,
543 1539 675 1601 animum
690 1539 819 1599 advortit
835 1539 912 1599 inter
926 1557 995 1598 saxa
1010 1537 1141 1616 repentis
1157 1537 1279 1608 cocleas,

223 1641 349 1702 quarum
365 1642 433 1682 cum
448 1641 538 1682 unam
554 1630 642 1701 atque
657 1625 787 1694 alteram,
804 1623 871 1683 dein
882 1624 980 1702 plures
992 1629 1114 1700 peteret,
1127 1622 1225 1682 studio
1236 1621 1283 1680 le·

186 1707 311 1787 3gundi
333 1707 475 1786 paulatim
500 1726 592 1786 prope
615 1707 650 1768 ad
676 1726 827 1768 summum
850 1709 960 1768 montis
983 1725 1115 1785 egressus
1137 1714 1191 1766 est.
1228 1705 1283 1764 ubi
1305 1718 1339 1768 ts
1424 1769 1425 1776 ,

221 1800 379 1872 postquam
395 1791 585 1852 solitudinem
600 1791 750 1863 intellexit,
766 1809 848 1853 more
860 1791 958 1870 ingeni
969 1792 1092 1852 humani
1102 1791 1208 1870 cupido
1222 1789 1281 1850 dil·
1424 1781 1425 1800 ¹

186 1895 202 1944 4
223 1878 308 1938 ticilia
327 1877 456 1938 faciundi
476 1877 608 1936 animum
628 1877 725 1937 vortit.
755 1885 785 1937 et
804 1878 881 1937 forte
902 1877 939 1935 in
955 1896 990 1936 eo
1013 1877 1077 1936 loco
1091 1875 1208 1954 grandis
1223 1874 1283 1934 ilex

223 1962 369 2022 coaluerat
388 1962 466 2021 inter
484 1981 567 2033 saxa,
588 1962 707 2039 paulurn
723 1963 812 2022 modo
826 1979 932 2038 prona,
954 1960 1058 2021 deinde
1073 1961 1177 2020 inllexa
1191 1965 1282 2038 atque

223 2054 307 2107 aucta
322 2047 352 2105 in
367 2045 566 2115 altitudinem,
592 2063 652 2124 quo
667 2055 771 2106 cuncta
786 2046 967 2124 gignentium
982 2053 1086 2106 natura
1098 2045 1166 2104 fert.
1197 2045 1282 2104 cuius

222 2131 312 2190 ramis
328 2131 419 2190 modo
436 2131 526 2190 modo
538 2130 734 2190 eminentibus
746 2131 821 2190 saxis
833 2129 914 2190 nisus
926 2129 1013 2209 Ligus
1025 2130 1056 2189 in
1067 2128 1174 2188 castelli
1184 2128 1280 2206 plani·
1303 2145 1340 2195 20
1425 2167 1426 2190 t

222 2215 295 2275 tiem
307 2213 449 2292 pervenit,
462 2215 540 2292 quod
553 2214 648 2275 cuncti
661 2213 803 2274 Numidae
815 2213 920 2274 intenti
931 2215 1140 2292 proeliantibus
1149 2213 1279 2273 aderant.

187 2317 202 2364 5
224 2299 380 2377 exploratis
396 2299 534 2358 omnibus
550 2315 623 2376 quae
640 2317 709 2366 mox
726 2299 791 2359 usui
805 2299 868 2359 fore
884 2298 1017 2371 ducebat,
1033 2293 1135 2358 eadem
1146 2296 1280 2376 regredi-

223 2391 280 2455 tur,
296 2401 358 2442 non
372 2389 493 2455 temere,
509 2383 553 2442 uti
568 2382 767 2455 adscenderat,
780 2383 831 2444 sed
843 2390 991 2462 temptans
1003 2383 1102 2444 omnia
1112 2389 1143 2442 et
1153 2383 1280 2442 circum-

185 2485 201 2532 6
223 2467 357 2546 spiciens.
387 2467 485 2544 itaque
500 2466 623 2527 Marium
646 2484 769 2548 propere
785 2469 858 2539 adit,
880 2475 944 2528 acta
958 2467 1073 2538 edocet,
1094 2468 1230 2527 hortatur
1243 2465 1280 2525 ab

222 2573 256 2613 ea
270 2560 363 2631 parte,
380 2570 437 2630 qua
452 2553 514 2631 ipse
529 2552 728 2623 adscenderat,
742 2554 894 2613 castellum
905 2558 1040 2630 temptet,
1051 2551 1203 2630 pollicetur
1214 2568 1280 2610 sese
1302 2565 1338 2616 25

186 2653 200 2701 t
221 2637 333 2698 itineris
357 2636 544 2716 periculique
564 2637 678 2698 ducem.
714 2637 821 2698 Marius
843 2655 911 2698 cum
927 2636 1032 2715 Ligure
1051 2635 1196 2715 promissa
1217 2635 1280 2695 eius

222 2723 372 2800 cognitum
388 2741 423 2781 ex
437 2722 640 2799 praesentibus
656 2722 749 2795 misit,
771 2739 899 2800 quorum
914 2721 957 2781 uti
972 2721 1114 2798 cuiusque
1130 2719 1280 2798 ingenium

221 2814 297 2879 erat,
314 2807 354 2866 ita
373 2825 437 2866 rem
453 2806 601 2867 difficilem
616 2815 666 2868 aut
681 2807 794 2867 facilem
810 2807 990 2866 nuntiavere.
1020 2805 1147 2865 consulis
1162 2804 1279 2864 animus

185 2905 200 2954 8
220 2898 320 2952 tamen
331 2891 451 2970 paulum
464 2892 607 2952 adrectos.
630 2893 729 2970 itaque
740 2911 776 2952 ex
788 2891 869 2970 copia
880 2890 1042 2950 tubicinum
1055 2897 1085 2948 et
1096 2888 1279 2948 cornicinum

218 2992 344 3036 numero
360 2976 489 3054 quinque
505 2994 594 3054 quam
609 2976 818 3036 velocissumos
834 2975 939 3052 delegit
954 2982 983 3034 et
998 2992 1066 3035 cum
1082 2973 1123 3034 eis
1134 2973 1278 3052 praesidio
1302 2986 1339 3037 30

290 3109 301 3157 l
322 3115 348 3158 et
360 3109 420 3158 altis
433 3107 487 3170 PC,
500 3117 526 3158 et
537 3109 594 3158 aliis
609 3110 631 3160 C
638 3126 653 3159 z
670 3125 778 3176 quorum
790 3113 985 3174 antiquissimus
997 3124 1027 3160 ac
1039 3109 1133 3158 talibus
1147 3105 1157 3175 ll
1171 3108 1186 3157 2
1203 3122 1277 3173 prae-

219 3177 297 3226 cisum
309 3176 398 3226 niueae
409 3193 432 3238 z,
446 3214 451 3224 .
464 3172 637 3238 picisgauineae
649 3179 673 3227 P
684 3178 751 3242 (quia
763 3180 789 3227 iu
801 3193 887 3242 uturg.
896 3195 927 3245 p,
939 3181 969 3228 ut
981 3177 1039 3244 quin
1050 3176 1180 3242 praecisae
1192 3175 1279 3241 legere

219 3243 344 3308 uoluerat),
355 3244 485 3308 praecisae
497 3244 585 3294 uineae
607 3243 636 3294 C:
648 3246 764 3311 fortusse
776 3245 926 3310 praecisum.
940 3260 969 3295 ac
981 3245 1071 3294 uineae
1083 3243 1093 3310 ΙΙ
1106 3243 1122 3292 6
1141 3243 1234 3294 sociari
1245 3244 1277 3303 P,

219 3311 329 3363 sauciari
337 3328 356 3378 p
369 3310 379 3380 ΙΙ
395 3312 425 3362 12
443 3319 573 3378 aequatum
586 3313 609 3361 P
630 3311 634 3379 Ι
652 3327 770 3362 auersum
781 3329 808 3375 z,
825 3313 959 3362 aduersum
972 3314 1007 3376 P,
1025 3311 1179 3361 contrarium
1191 3328 1212 3360 s.
1225 3327 1248 3360 s.
1258 3327 1277 3379 p

221 3378 264 3498 Cp
276 3381 307 3431 13
326 3381 434 3430 clocleas
451 3383 477 3429 iu
490 3395 577 3445 marg·
586 3377 622 3447 pl
648 3381 677 3430 l’l
698 3381 845 3430 aduertitP
862 3378 871 3447 ΙΙ
889 3381 990 3430 silexP
1007 3379 1015 3445 ll
1033 3380 1064 3429 18
1082 3379 1169 3429 deinde
1185 3379 1278 3428 inflexa

218 3450 243 3498 P
267 3487 274 3514 ,
292 3448 379 3498 deinde
395 3450 460 3498 flexa
476 3447 516 3498 uel
530 3447 586 3498 dein
604 3450 669 3498 flexa
684 3448 704 3498 C
722 3446 732 3515 ll
753 3448 785 3498 20
802 3449 874 3497 modo
886 3448 958 3497 modo
977 3447 1031 3509 PC,
1049 3447 1121 3496 modo
1137 3446 1224 3495 deinde
1243 3444 1279 3562 03!

218 3516 249 3567 21
268 3517 294 3566 in
310 3515 410 3566 castelli
423 3516 554 3581 planiciem
568 3517 685 3581 peruenit
702 3514 749 3566 ΡΟ
757 3519 843 3580 itaque
860 3515 923 3581 legal
936 3515 1079 3567 Frentum
1091 3513 1173 3564 Strat.
1183 3512 1247 3578 3,‘9,

218 3585 274 3649 (ubi
283 3585 315 3635 ad
326 3599 420 3634 summa
429 3585 599 3650 peruenerat),
610 3583 709 3634 castelli
720 3583 851 3648 planiciem
859 3583 994 3648 perscribit
1007 3584 1083 3644 (unus
1092 3581 1214 3646 peruenit,
1223 3599 1244 3631 s.
1255 3599 1276 3631 a.

216 3652 365 3718 perscripsit
376 3651 418 3701 uel
431 3651 604 3716 inuestigauit)
617 3650 796 3713 Cdetembres,
807 3650 874 3700 unde
886 3651 1012 3716 perrepsit
1023 3653 1087 3700 coci.
1102 3649 1211 3700 Orelliua
1223 3647 1232 3715 ΙΙ
1243 3649 1277 3698 22

217 3719 308 3768 intenti
323 3719 390 3768 hand
403 3719 596 3784 proelitantibus
608 3719 645 3768 P:
657 3719 774 3784 fortusse
787 3718 876 3769 intenti
888 3726 932 3768 aut
945 3755 951 3768 .
965 3755 971 3768 .
986 3756 992 3768 .
1006 3755 1013 3768 .
1025 3717 1207 3782 proeliantibus
1220 3713 1230 3783 l
1243 3716 1277 3765 22

218 3787 303 3836 eadem
314 3785 366 3848 PC,
378 3787 465 3836 eodem
480 3784 519 3853 0ss
533 3787 564 3836 25
577 3787 726 3838 ascenderat
738 3786 792 3848 PC,
805 3786 952 3836 escenderat
966 3783 1006 3853 Css
1019 3785 1052 3836 26
1064 3785 1212 3836 ascenderat
1224 3783 1277 3845 PC,

217 3855 382 3904 descenderat
395 3851 435 3921 Css
453 3854 485 3903 30
504 3854 608 3918 quinque
620 3854 715 3904 milium
731 3870 760 3915 z,·
779 3853 905 3904 Frontino
916 3869 1013 3919 quoque
1030 3856 1108 3904 nimia
1120 3867 1203 3920 parua
1218 3867 1276 3900 mc-

216 3939 265 3972 nus
274 3925 337 3985 uisa,
350 3921 419 3986 quil.
434 3937 454 3970 c.
467 3924 506 3970 itu
517 3923 654 3970 vomuerit
667 3920 777 3972 Sallusti
785 3924 928 3970 oraticnem
938 3921 1032 3987 paucos
1044 3921 1211 3982 centuriones,
1220 3918 1276 3984 qni-

216 3989 263 4039 bus
273 3987 471 4058 perfectissimos
480 4004 536 4038 cum
544 3987 711 4038 uelocissimis
723 3987 845 4038 militibus
855 3996 1004 4040 aeneatores
1013 3989 1196 4050 immiscuerat;
1209 3985 1277 4035 uude

216 4055 327 4108 editores
339 4058 432 4107 milites
444 4055 515 4124 opud
524 4055 676 4106 Sallustium
686 4055 814 4108 eccidisse
826 4060 953 4124 suspicati
962 4051 1037 4106 suut.¹
1050 4055 1167 4120 fortasse
1179 4053 1278 4120 praesi-

217 4126 257 4174 dio
271 4127 312 4192 qui
325 4124 409 4176 forent
422 4132 577 4192 etquattuor
590 4127 648 4174 cett.
