2846 4682
3 2821 6 2992 l

479 355 648 408 assumo
666 353 871 408 manarumo
1166 357 1206 418 55

143 510 197 572 tari
213 517 326 590 coepta,
344 509 423 572 idem
440 508 481 572 illi
495 510 623 572 ministri
636 509 713 590 regis
727 509 941 588 interpellando
956 527 990 570 ac
1004 528 1092 590 saepo
1105 512 1207 592 gratia,

143 596 292 658 interdum
313 595 413 674 iurgiis
432 595 580 657 trahundo
600 602 733 674 tempuS,
757 595 941 656 atrocitatem
962 595 1031 656 facti
1050 596 1206 658 leniebant.

144 700 177 743 ae
190 681 222 741 ni
237 680 268 741 C.
284 679 442 742 blemqus
456 680 595 742 tribunus
609 679 703 759 plebis
716 679 893 758 designatus,
909 679 954 740 vir
964 698 1031 740 acer
1041 687 1071 741 et
1081 681 1208 744 infestus
1229 687 1244 738 2

143 765 293 846 potentiae
307 765 478 837 nobilitatis,
494 764 822 844 populum-Romanum
836 764 1003 826 edocuisset
1014 765 1044 826 id
1055 766 1101 844 agi
1111 775 1145 828 ut
1155 785 1208 846 per
1316 833 1321 838 ,

105 864 123 913 b
143 869 254 930 paucos
273 849 413 912 factiosos
428 850 586 929 Iugurthae
600 849 696 910 scclras
711 849 940 921 condonaretur,
961 850 1094 928 proiecto
1110 852 1208 920 omnis

142 935 249 996 invidia
271 933 452 1015 prolatandis
472 933 736 998 consultationibus
757 935 866 1013 dilapsa
880 934 971 995 foret:
987 936 1125 996 tantoris
1141 955 1207 1015 gra·

142 1019 199 1081 tiae
214 1027 302 1099 atque
318 1019 458 1100 pecuniae
473 1020 550 1100 regis
561 1026 633 1082 erat.
660 1019 711 1080 sed
723 1018 775 1080 uhi
786 1025 905 1080 senatus
917 1019 1013 1080 delicti
1025 1021 1208 1082 conscientia
1229 1025 1244 1076 ³

142 1105 288 1185 populum
314 1104 415 1177 tImet,
442 1105 504 1184 Iege
527 1105 702 1183 Sempronia
723 1103 888 1182 provinciae
908 1103 1016 1164 futuris
1039 1105 1207 1166 consrdihus

142 1189 281 1252 Numidia
297 1197 384 1268 atque
399 1189 481 1250 Italia
493 1189 634 1262 decretae,
651 1189 787 1250 consides
799 1188 936 1250 declarati
947 1189 980 1249 P.
996 1188 1094 1268 Sprio
1105 1189 1208 1250 Nasica
1225 1197 1242 1246 4

90 1287 123 1336 to
142 1274 175 1336 L.
190 1273 302 1336 Ilestia:
319 1274 476 1354 Calpurnio
491 1273 629 1336 Numidia
640 1273 772 1352 Scipioni
786 1273 869 1334 Italia
884 1273 1010 1334 obvenit.
1037 1273 1143 1334 deinde
1155 1294 1208 1336 ex·
1229 1283 1245 1332 5

143 1360 253 1422 ercitus
273 1359 325 1438 qui
344 1359 376 1420 in
389 1359 518 1422 Africam
537 1365 706 1440 portaretur
724 1357 876 1430 scribitur,
899 1358 1080 1437 stipendium
1094 1359 1207 1438 aliaque
1280 1377 1319 1410 s·

142 1463 217 1524 quae
236 1443 314 1505 bello
333 1444 403 1505 usui
419 1444 519 1505 forent
537 1443 745 1505 decernuntur.
776 1449 807 1502 at
825 1442 979 1522 Iugurtha,
1000 1449 1103 1505 contra
1123 1462 1208 1522 spem
1228 1442 1271 1504 28

142 1529 247 1590 nuntio
268 1533 401 1608 accepto,
425 1529 535 1608 quippe
556 1529 604 1590 cui
622 1529 734 1590 Romae
755 1527 856 1588 omnia
875 1544 984 1588 venum
1004 1527 1046 1588 irc
1061 1528 1093 1587 in
1107 1527 1207 1589 auimo

141 1615 291 1686 haeserat,
313 1613 406 1674 filium
427 1620 459 1674 et
479 1631 548 1674 cum
566 1632 603 1674 eo
624 1613 699 1674 duos
717 1611 868 1672 familiaris
888 1611 924 1672 ad
945 1617 1083 1672 senatum
1096 1612 1207 1691 legatos

90 1709 123 1760 tt
143 1699 235 1760 mittit
247 1699 347 1777 cisque
357 1698 402 1760 uti
411 1697 478 1770 illis,
494 1716 568 1777 quos
579 1697 746 1776 Nicmpsalc
756 1697 911 1762 Interfecto
923 1696 1053 1768 miserat,
1066 1697 1209 1776 praecipit

143 1784 242 1844 omnis
257 1783 390 1844 mortalis
404 1783 528 1863 pecunia
540 1782 754 1862 aggrediantur.
781 1781 833 1861 qui
843 1788 1003 1860 postquam
1014 1781 1140 1842 Romam
1153 1781 1206 1842 ad-
1228 1791 1244 1842 2

142 1869 314 1939 ventabant,
336 1874 457 1929 senatus
477 1885 494 1927 a
508 1868 606 1928 Rastia
625 1865 777 1928 consrdtus
792 1873 838 1926 est
852 1865 1017 1944 placeretne
1031 1865 1140 1945 legatos
1156 1866 1208 1928 Iu·

141 1954 266 2032 gurthae
280 1952 372 2032 recipi
385 1951 556 2026 moenibus,
572 1951 657 2030 eique
669 1951 831 2022 decrevere,
846 1950 905 2010 nisi
914 1967 1039 2029 regnum
1050 1950 1207 2030 Ipsumque

142 2039 275 2100 deditum
294 2038 456 2109 venissent,
476 2037 520 2098 uti
539 2037 571 2098 in
586 2036 688 2097 diebus
702 2035 856 2114 proxumis
870 2035 971 2095 decem
985 2035 1068 2095 Italia
1082 2035 1207 2096 decede-

89 2131 122 2183 20
142 2130 218 2184 rent.
249 2121 352 2184 consul
371 2121 506 2183 Numidis
527 2140 562 2182 cx
580 2126 703 2183 senatus
718 2120 834 2182 decreto
850 2119 979 2180 nuntiari
993 2119 1088 2180 iubet:
1104 2119 1145 2180 ita
1159 2119 1206 2180 iu·
1228 2131 1243 2181 ³

141 2207 226 2270 lectis
250 2206 339 2268 rebus
363 2206 404 2268 illi
424 2207 548 2268 domum
568 2205 731 2266 discedunt.
765 2204 885 2268 interIm
908 2203 1244 2283 Calpurniusparatol

141 2291 270 2354 exercitu
284 2291 361 2370 legat
374 2291 430 2352 sibi
444 2290 582 2352 homines
596 2289 703 2350 nobilis
717 2289 872 2361 factiosos,
891 2307 1019 2367 quorum
1035 2288 1207 2350 auctoritate

142 2395 217 2457 quac
229 2376 397 2454 deliquisset
408 2375 523 2436 munita
533 2375 599 2436 iore
610 2373 754 2453 sperabat.
780 2374 812 2434 in
824 2373 890 2452 quis
901 2373 958 2434 fait
970 2373 1107 2445 Scaurus,
1124 2373 1207 2435 cuius

143 2463 179 2544 de
193 2468 299 2524 natma
313 2468 343 2521 et
357 2460 460 2522 habitu
474 2477 563 2540 supra
577 2458 815 2520 memoravimus.
842 2475 912 2518 nam
927 2458 958 2518 in
970 2459 1091 2518 consule
1102 2464 1206 2519 nostro
1228 2471 1243 2520 5

89 2557 121 2610 25
142 2547 253 2608 multae
271 2546 425 2624 bonaeque
444 2551 522 2607 artes
543 2551 573 2605 ct
592 2544 683 2604 animi
703 2550 733 2603 et
752 2542 998 2622 commiserant,
1020 2561 1093 2620 quas
1109 2541 1206 2602 omnis

142 2631 262 2694 avaritia
276 2630 496 2710 praepediebat:
513 2629 628 2708 petlens
642 2627 786 2699 laborum,
802 2626 862 2687 acri
877 2626 1002 2704 ingenio,
1019 2626 1091 2686 satis
1105 2625 1206 2704 provi·

142 2717 224 2789 dcns,
239 2715 309 2776 belli
323 2715 401 2776 haud
416 2715 543 2794 ignarus,
559 2713 757 2775 firmissumus
773 2717 876 2772 contra
890 2710 1020 2790 pericula
1035 2717 1064 2770 et
1075 2709 1205 2770 insidias.

142 2802 195 2863 sed
214 2801 343 2880 legiones
363 2818 416 2879 per
434 2800 546 2870 Italiam
567 2798 691 2878 Regium
711 2804 799 2874 atque
819 2795 887 2856 lndc
902 2795 1044 2866 Siciliam,
1066 2812 1155 2873 porro
1171 2812 1207 2854 er
1227 2811 1245 2862 a

144 2886 293 2948 Siciliain
314 2885 444 2947 Africam
461 2891 653 2946 transvectae.
689 2881 778 2960 igitur
797 2879 971 2959 Galprunius
992 2879 1076 2940 initio
1097 2879 1207 2958 paratis
1228 2897 1243 2946 a

91 2981 124 3031 3⁰
144 2970 359 3033 commeatibus
374 2969 480 3031 acriter
493 2967 662 3030 Numidiam
673 2966 826 3046 Ingressus
837 2972 883 3026 est
893 2965 1063 3044 multosque
1073 2963 1207 3024 mortalis

143 3064 174 3117 ct
193 3056 275 3117 urhis
295 3054 407 3134 aliquot
424 3053 582 3134 pugnando
603 3051 689 3131 cepit.
725 3051 777 3112 sed
797 3050 848 3110 ubi
866 3050 1007 3129 Iugurtha
1025 3068 1079 3128 per
1097 3050 1207 3128 legatos
1228 3054 1271 3116 29

144 3141 268 3221 pecunia
281 3145 428 3219 temptare
442 3139 567 3217 beIIIqua
580 3137 658 3216 quod
671 3154 688 3196 a
709 3135 894 3196 ministrabat
905 3135 1093 3214 asperitatem
1106 3141 1207 3194 osten-

144 3227 213 3286 dere
227 3225 338 3304 coepit,
355 3224 472 3286 animus
487 3239 572 3303 aeger
585 3221 704 3282 avaritia
717 3221 800 3282 facile
815 3237 977 3282 convorsus
992 3226 1046 3278 est.
1076 3225 1208 3279 ceterum
1229 3231 1245 3283 2

145 3311 243 3372 socius
270 3317 300 3370 ct
319 3307 492 3369 administer
511 3307 647 3369 omnium
667 3305 858 3367 consiliorum
880 3303 1046 3364 adsumitur
1068 3303 1205 3372 Scaurus

3 3385 5 3398 '
95 3399 126 3451 35
145 3395 196 3475 qui
210 3393 328 3456 tametsi
345 3413 361 3454 a
376 3393 522 3473 principio
537 3392 684 3471 plerisque
699 3410 735 3451 ex
748 3389 874 3450 lectione
886 3388 950 3448 eius
962 3385 1113 3464 conruptis
1125 3401 1207 3446 acer·

144 3499 230 3542 rume
250 3497 347 3558 regem
363 3478 588 3557 iupugnaverat,
610 3483 710 3536 tamen
725 3471 925 3552 magnitudine
942 3470 1082 3550 pecuniae
1096 3489 1113 3531 a
1127 3470 1207 3532 bono

144 3563 331 3644 honestoque
346 3563 377 3624 in
391 3581 514 3643 pravom
530 3561 693 3622 abstractus
705 3565 759 3620 est.
786 3557 838 3619 sed
848 3557 988 3637 Iugurtha
999 3555 1128 3635 pslmum
1141 3562 1209 3616 tan·
1229 3569 1245 3620 a
1359 3553 1363 3591 ³

212 3746 277 3797 10.1.
287 3747 370 3797 bestia
375 3747 406 3809 P,
411 3747 449 3812 cs.
455 3743 778 3798 rummenasmorsea.
789 3741 858 3792 uod!
884 3741 965 3808 .41‚1.
976 3740 1118 3806 calpurnius
1127 3739 1210 3790 bestia

146 3818 185 3868 vel
196 3819 214 3868 l.
226 3815 311 3864 bestia
326 3815 471 3881 calpurnius
481 3815 522 3865 vol
532 3813 675 3880 calpurnius
687 3813 705 3862 I.
717 3811 813 3862 bestiae
826 3756 911 3875 0(ss
929 3809 981 3860 alia
995 3824 1083 3875 quaeq3
1097 3809 1194 3858 thIoP
1203 3805 1211 3872 ΙΙ

150 3885 179 3935 12
198 3884 323 3936 dorentP
334 3880 344 3950 ΙΙ
360 3883 390 3933 13
407 3899 497 3933 uenum
509 3883 547 3933 irc
561 3881 609 3945 (cel
619 3881 662 3941 iri)
676 3879 703 3945 0,
716 3880 802 3930 venire
812 3875 878 3944 req
893 3879 924 3927 15
941 3877 1027 3944 praeci
1044 3877 1064 3926 it
1075 3876 1125 3940 Pe,
1137 3890 1211 3940 prac-

148 3948 424 4070 zaaaas
432 3949 687 4083 sasas,
697 3946 742 4065 a
750 3945 1013 4066 asaza
1027 3893 1210 4078 loeas

4 4059 5 4066 ἵ
102 4153 112 4164 N
150 4085 238 4156 Pudi
259 4082 778 4155 nrbcsp,urbePl32pccuniaqPfl3I
797 4083 903 4148 primum
914 4076 1093 4146 Paprimoc
