2854 4678
488 373 530 422 DE
548 371 654 424 BELLO
673 371 879 424 lUGURTHlNO
1167 378 1208 441 83

147 524 206 595 lus,
227 523 279 584 ubi
299 523 459 604 oppidanos
469 515 586 604 ¹proelio
601 527 745 600 intentos
766 527 854 588 simul
869 527 1011 608 oppidum
1027 536 1056 590 et
1072 531 1209 610 operibus

146 617 177 670 et
187 609 252 670 loco
264 610 414 670 munitum
426 611 513 682 videt,
527 611 604 671 vallo
613 611 751 690 fossaque
762 612 879 672 moenia
887 613 1086 674 circumvenit.
1104 615 1208 677 deinde
1230 629 1245 677 3

146 694 216 754 locis
238 713 274 753 ex
294 695 376 773 eopia
398 711 536 756 maxume
556 695 668 756 idoneis
688 697 786 756 vineas
801 714 899 775 agere,
920 715 1054 776 aggerem
1071 699 1165 779 iacere
1179 709 1209 761 et

145 797 235 857 super
249 797 382 857 aggerem
397 779 531 858 inpositis
542 780 673 841 turribus
686 799 761 859 opus
773 787 802 840 et
813 781 1000 842 administros
1011 785 1111 844 tutari.
1135 803 1207 846 con·
1229 797 1246 846 4

109 875 123 922 5
145 869 190 922 tra
204 864 277 923 haec
292 863 429 942 oppidani
442 863 581 924 festinare
595 883 712 943 parare,
734 883 855 944 prorsus
871 865 906 925 ab
921 867 1052 944 utrisque
1068 868 1140 928 nihil
1159 888 1208 928 re-

144 947 235 1008 licum
255 948 326 1008 lieri.
357 949 483 1026 denique
498 949 623 1009 Romani
638 949 732 1010 multo
748 957 815 1010 ante
830 949 929 1010 labore
944 952 1121 1030 proeliisque
1136 953 1204 1013 fati·
1226 968 1241 1014 5

143 1033 217 1110 gati,
238 1039 306 1110 post
320 1031 383 1092 dies
399 1033 588 1112 quadraginta
604 1053 693 1112 quam
709 1053 744 1094 eo
758 1041 880 1094 ventum
896 1044 972 1106 erat,
994 1037 1101 1114 oppido
1117 1039 1207 1098 modo

143 1116 241 1194 potiti,
256 1117 364 1195 praeda
379 1118 475 1176 omnis
491 1117 527 1177 ab
541 1117 670 1196 perfugis
687 1127 838 1197 conrupta.
869 1119 895 1178 ei
911 1128 1069 1198 postquam
1084 1139 1206 1182 murum
1227 1133 1243 1181 6
1260 1189 1263 1192 ,

143 1201 283 1260 arietibus
298 1200 379 1261 feriri
393 1220 499 1280 resque
514 1219 582 1262 suas
597 1203 726 1262 adflictas
741 1203 855 1275 vident,
878 1221 983 1264 aurum
999 1214 1085 1283 atque
1102 1223 1207 1284 argen-

91 1294 121 1343 10
142 1295 208 1346 tum
224 1292 253 1345 et
267 1285 321 1345 alia
337 1304 411 1364 quae
426 1286 520 1364 prima
536 1286 684 1347 ducuntur
699 1287 822 1348 domurn
834 1288 943 1366 regiam
955 1297 1139 1367 conportent.
1167 1291 1207 1351 ibi

142 1371 210 1430 rino
231 1377 261 1428 et
285 1370 378 1448 epulis
398 1371 512 1431 onerati
530 1371 635 1449 illaque
655 1379 685 1432 et
700 1372 823 1432 domum
839 1379 869 1431 et
882 1381 976 1432 semet
990 1373 1049 1451 igni
1065 1391 1205 1434 conrum-

142 1463 218 1534 punt
238 1462 268 1514 et
288 1473 360 1598 qgras
376 1455 443 1515 victi
458 1455 494 1554 ap
509 1455 643 1516 hostibus
657 1473 767 1534 poenas
782 1463 959 1528 metuerant,
976 1476 1025 1518 eas
1036 1458 1092 1536 ipsi
1103 1460 1205 1519 volen-

142 1547 187 1599 tes
202 1555 298 1617 pepen
319 1557 377 1598 ere.

228 1623 287 1682 Sed
306 1625 415 1702 pariter
430 1641 498 1684 curn
514 1631 596 1702 capta
612 1623 702 1684 Thala
717 1623 803 1702 legati
817 1643 853 1684 ex
868 1624 975 1702 oppido
991 1624 1075 1702 Lepti
1090 1625 1125 1686 ad
1140 1625 1202 1685 Me·
1225 1625 1266 1688 tt

88 1713 119 1764 15
141 1707 244 1767 tellum
263 1715 404 1768 venerant
419 1715 537 1768 orantes
552 1707 595 1768 uti
609 1707 787 1788 praesidium
802 1707 1042 1787 praefectumque
1053 1727 1088 1768 eo
1100 1709 1202 1770 mitte-

140 1799 201 1852 ret:
222 1792 417 1852 Hamilcarem
446 1793 591 1872 quendam
616 1793 767 1853 hominem
792 1792 919 1852 nobilem
942 1793 1099 1852 factiosum
1120 1794 1202 1854 novis

110 1895 117 1904 ·
140 1876 228 1936 rebus
253 1876 386 1940 studere.
414 1878 571 1938 advorsum
599 1895 688 1955 quem
713 1895 809 1954 neque
835 1876 957 1954 imperia
976 1877 1202 1956 magistratuum

140 1979 236 2038 neque
256 1961 335 2038 leges
352 1961 488 2022 valerent.
521 1961 553 2021 ni
569 1960 598 2021 id
612 1961 774 2032 festinaret,
790 1961 822 2020 in
837 1978 956 2020 summo
971 1960 1101 2038 periculo
1116 1980 1201 2022 suam

142 2045 283 2116 salutem,
304 2045 422 2105 illomm
443 2046 538 2106 socios
553 2046 625 2105 fore.
656 2063 726 2105 nam
741 2044 888 2124 Leptitani
902 2045 961 2104 iam
976 2045 1044 2105 inde
1061 2065 1076 2105 a
1091 2046 1201 2123 princi·
1222 2056 1237 2104 2

85 2137 119 2187 20
140 2129 189 2208 pio
209 2129 278 2190 belli
292 2129 457 2207 Iugurthini
477 2131 513 2190 ad
527 2130 654 2190 Bestiam
675 2129 827 2190 consulem
842 2136 871 2189 et
885 2137 987 2207 postea
1002 2129 1128 2189 Romam
1143 2131 1201 2189 mi-

139 2221 238 2274 serant
258 2214 418 2274 amicitiam
438 2215 666 2292 societatemque
687 2223 832 2292 rogatum.
870 2213 974 2273 deinde
996 2214 1047 2274 ubi
1062 2231 1095 2273 ea
1116 2214 1201 2293 inpe-
1223 2225 1237 2273 3

139 2306 230 2371 trata,
245 2317 363 2377 semper
378 2299 448 2359 boni
462 2298 621 2378 fidelesque
637 2315 773 2358 mansere
788 2305 817 2358 et
832 2303 937 2358 cuneta
952 2316 968 2357 a
983 2297 1081 2358 Bestia
1095 2297 1200 2359 Albino

139 2382 313 2460 Metelloque
333 2383 473 2462 imperata
494 2400 567 2443 nave
586 2383 727 2442 fecerant.
758 2382 857 2460 itaque
872 2382 908 2441 ab
923 2383 1100 2461 imperatore
1116 2383 1198 2444 facile
1220 2393 1237 2442 4

140 2486 214 2546 quae
228 2467 368 2545 petebant
383 2467 489 2545 adepti.
520 2466 643 2527 emissae
658 2486 694 2527 eo
709 2466 844 2526 cohortes
859 2465 999 2544 Ligurum
1016 2473 1156 2544 quattuor
1170 2475 1200 2526 et

85 2557 118 2608 25
140 2553 170 2612 C.
192 2551 304 2611 Annius
329 2551 503 2629 praefectus
541 2551 569 2611 id
596 2551 739 2630 oppidum
763 2550 800 2610 ah
823 2549 950 2609 Sidoniis
970 2550 1121 2609 conditum
1143 2559 1197 2622 est,
1221 2548 1262 2610 78

139 2655 212 2714 quos
233 2636 400 2714 accepimus
414 2635 554 2714 profugos
570 2634 607 2696 ob
623 2635 781 2694 discordias
797 2633 887 2694 civihs
903 2633 1024 2692 navibus
1040 2633 1137 2693 ineos
1153 2634 1198 2694 lo-

137 2740 187 2782 cos
201 2721 331 2791 venisse,
353 2715 485 2781 'ceterum
501 2721 592 2780 situm
607 2717 685 2780 inter
700 2719 772 2779 duas
789 2717 895 2796 Syrtis,
918 2717 1023 2794 quibus
1037 2734 1148 2777 nomen
1164 2736 1199 2778 ex

135 2825 167 2866 re
187 2805 326 2865 inditum.
356 2822 425 2864 nam
446 2805 504 2865 duo
520 2811 591 2864 sunt
605 2804 687 2864 sinus
702 2820 794 2881 prope
809 2802 839 2861 in
854 2801 1097 2862 extrema-Africa
1111 2802 1195 2880 inpa-
1218 2811 1234 2860 2

136 2909 182 2950 res
204 2887 406 2968 magnitudine
425 2889 488 2968 pari
507 2895 621 2949 natura.
652 2905 779 2966 quorum
800 2903 946 2965 proxuma
959 2893 1055 2946 terrae
1070 2886 1198 2964 praealta

82 2985 114 3036 30
136 2982 219 3046 sunt,
241 2981 351 3045 cetera,
372 2973 416 3034 uti
435 2973 496 3033 fors
515 2973 597 3045 tulit,
619 2973 676 3032 alta
697 2971 750 3032 aha
771 2971 826 3031 alia
844 2971 1064 3049 intempestate
1080 2970 1196 3031 vadosa.

135 3077 203 3119 nam
217 3059 270 3119 ubi
284 3076 365 3118 mare
382 3074 522 3136 magnum
538 3076 602 3118 esse
619 3065 650 3118 et
664 3056 775 3118 saevire
789 3053 884 3116 ventis
900 3055 1005 3134 coepit,
1021 3055 1126 3116 limum
1141 3055 1195 3115 ha·
1209 3057 1233 3116 ’3

133 3161 296 3223 renamque
321 3150 351 3202 et
375 3161 444 3204 saxa
463 3142 592 3221 ingentia
612 3142 719 3202 fluctus
737 3141 874 3202 trahunt:
897 3140 937 3200 ita
954 3139 1042 3200 facies
1062 3141 1197 3200 locorum

135 3247 201 3288 cum
227 3227 322 3290 ventis
343 3227 431 3288 simul
451 3233 596 3298 mutatur,
620 3226 721 3305 Syrtes
742 3225 778 3286 ab
804 3230 900 3284 tractu
918 3225 1096 3284 nominatae.
1133 3224 1195 3282 eius
1216 3237 1233 3286 4

134 3314 258 3374 civitatis
272 3313 370 3391 lingua
384 3311 473 3372 modo
489 3329 630 3372 convorsa
645 3309 772 3372 conubio
788 3308 997 3378 Numidarum,
1019 3308 1117 3384 legum
1132 3307 1195 3365 cul-

81 3407 112 3457 35
133 3406 240 3476 tusque
256 3396 393 3476 pleraque
410 3395 555 3467 Sidonica,
572 3413 647 3474 quae
662 3413 697 3454 eo
710 3393 825 3454 facilius
839 3391 1013 3462 retinebant,
1030 3390 1109 3468 quod
1124 3406 1195 3467 pro-

133 3483 180 3542 cul
195 3483 232 3542 ab
247 3481 372 3560 imperio
388 3481 464 3558 regis
479 3487 606 3540 aetatem
627 3479 759 3557 agebant.
789 3474 947 3536 interillos
963 3482 994 3534 et
1007 3474 1195 3552 frequentem
1217 3488 1232 3537 5

133 3567 302 3629 Numidiam
317 3563 404 3625 multi
418 3565 549 3643 vastique
562 3564 618 3623 loci
633 3570 725 3623 erant.

218 3651 276 3712 Sed
292 3649 431 3730 quoniam
446 3649 477 3708 in
492 3667 540 3710 eas
555 3648 690 3727 regiones
705 3663 758 3725 per
772 3643 996 3723 Leptitanorum
1011 3641 1128 3720 negotia
1143 3660 1194 3701 ve·
1218 3644 1260 3707 79

200 3815 215 3863 2
233 3814 322 3865 delude
340 3815 404 3864 locis
422 3814 541 3878 Curtius,
558 3813 615 3864 dein
631 3813 726 3864 duobus
743 3811 806 3862 locis
822 3809 879 3872 PC,
901 3810 990 3860 deinde
1007 3808 1077 3858 iubet
1095 3807 1158 3857 loeis
1178 3806 1199 3855 0

133 3886 168 3944 (ei
178 3887 246 3933 recte
259 3883 290 3932 de
306 3881 447 3932 Cretatam
461 3883 514 3946 est)
533 3879 542 3948 ll
559 3883 574 3932 3
592 3882 680 3931 uineas
698 3895 775 3944 agere
792 3893 910 3943 aggerem
927 3877 1009 3926 faeere
1023 3875 1139 3934 Cortice,
1156 3873 1195 3922 ui-

133 3966 191 4000 neas
204 3965 281 4014 agere
295 3965 418 4014 superque
430 3964 474 4000 eas
486 3964 603 4013 aggerem
616 3950 699 3999 iacere
712 3947 758 3998 PC
768 3945 777 4014 l}
791 3948 823 3997 20
838 3944 984 4009 jugurthini
996 3943 1088 3992 dolavit
1100 3933 1195 3989 Linlte-

133 4033 178 4068 rus
191 4017 200 4084 ll
214 4018 246 4067 22
267 4031 411 4067 manserere
425 4019 448 4068 Ρ
463 4014 473 4084 ΙΙ
492 4018 524 4066 25
543 4017 574 4066 ah
588 4020 632 4079 (ecc
644 4017 684 4079 ob)
699 4015 795 4065 sidonis
808 4016 831 4064 P
843 4013 852 4082 ll
866 4013 898 4062 30
911 4012 961 4061 alia
972 4011 1024 4060 alia
1036 4025 1057 4073 z,
1070 4007 1122 4057 alia
1134 4004 1197 4071 PCll

134 4087 163 4134 31
183 4100 278 4134 marum
291 4085 316 4134 P

955 4161 988 4208 gs
