2846 4682
224 359 263 420 10
589 355 910 408 caementum

183 511 595 590 strumoeoeptetamr.
623 530 694 572 narn
712 521 747 573 ut
765 513 1278 592 cuimquestudiunenetateba-

223 596 1280 680 grintaliirscortaprrebcrealiisnnesatqueequosnercampo-

219 683 1105 764 stremonequcsumptninequemodestiaemacparcue.
1127 687 1278 748 dumillos

185 766 714 845 tobuoxioslidoequcsibifacerct.
734 770 1277 850 scioluisseuonnullosquiihex·

219 851 405 924 istumarnrt,
418 851 611 924 iuventutem,
626 872 703 932 quae
712 854 836 914 domum
847 855 986 916 Catilimc
994 857 1207 935 frequentabat,
1218 873 1277 936 'pa-
1297 874 1313 921 5

219 939 427 999 rumboneste
441 938 611 1017 pudicitiam
625 939 1277 1022 mmme3sedaabismhnmags,qnm

220 1023 301 1102 quod
314 1023 453 1102 cuiquam
467 1023 498 1083 id
511 1031 699 1103 compertum
712 1025 798 1095 toret,
814 1025 886 1084 baec
899 1025 978 1086 inuia
992 1027 1114 1088 valebat

158 1113 200 1174 15
305 1107 366 1169 lam
381 1109 509 1187 primum
524 1109 696 1170 adulescens
709 1110 832 1194 satiliua
846 1111 939 1170 multa
949 1111 1075 1172 nefanda
1084 1112 1276 1191 stuprafeee-

218 1199 280 1264 rat,
300 1211 370 1254 cum
385 1193 494 1272 virgine
506 1194 612 1265 nobili,
627 1213 696 1254 cum
710 1196 860 1259 sacerdote
875 1195 992 1266 Vestae,
1007 1198 1062 1256 alia
1073 1198 1277 1259 huiuscemodi

182 1289 198 1339 2
218 1285 321 1340 contra
340 1279 387 1338 ins
406 1277 520 1357 fasque.
548 1287 701 1358 postremo
719 1289 823 1360 captus
840 1301 943 1342 amore
961 1282 1095 1342 Aureliae
1113 1283 1273 1355 Orestillae,
1298 1301 1331 1350 to

218 1363 303 1424 citius
316 1372 432 1443 praeter
445 1363 573 1424 turmam
587 1365 660 1424 nibil
670 1384 813 1445 nmquam
824 1367 921 1427 bonus
931 1367 1066 1438 laudavit,
1082 1368 1162 1446 qnod
1172 1387 1206 1428 ca
1215 1385 1276 1428 nu-

218 1447 289 1510 bere
310 1449 351 1510 illi
370 1448 535 1522 dubitabat,
559 1450 669 1510 timens
687 1451 853 1530 privignum
873 1451 972 1512 adulta
990 1460 1101 1524 aetate,
1119 1471 1175 1532 pro
1194 1461 1275 1513 certo

219 1533 349 1596 creditur
374 1543 478 1595 necato
501 1535 561 1596 tilio
585 1554 707 1596 ramam
732 1536 856 1596 domum
879 1537 1008 1597 scelestis
1029 1539 1141 1616 nuptiis
1159 1537 1274 1599 fecisse

183 1630 199 1679 3
219 1637 294 1699 quae
308 1619 428 1698 quidem
442 1638 492 1681 res
506 1620 580 1680 mibi
594 1621 626 1681 in
640 1621 743 1700 primis
757 1622 872 1682 ridetur
885 1641 971 1682 musa
982 1623 1074 1682 tuisse
1084 1623 1198 1684 bunne
1209 1642 1274 1684 ma·

181 1715 197 1765 t
218 1705 345 1765 torandi
379 1723 509 1784 namque
531 1706 649 1766 animus
667 1707 806 1785 inpurus,
827 1708 872 1768 dis
891 1707 1120 1786 hominibusque
1137 1709 1272 1781 infestus,
1297 1727 1329 1776 15

218 1807 313 1868 neque
338 1789 441 1870 vigiliis
464 1809 561 1870 neque
587 1791 734 1869 quietibus
757 1792 852 1854 sedari
875 1800 1005 1872 poterat:
1031 1793 1072 1853 ita
1096 1793 1273 1855 couscientia
1306 1800 1309 1809 '

182 1886 197 1936 5
217 1883 348 1936 mentem
363 1876 490 1937 excitam
509 1876 650 1937 vastabat.
672 1877 761 1956 igitur
779 1877 903 1939 colosei
917 1879 1080 1956 exsanguis,
1096 1879 1175 1939 foedi
1185 1879 1271 1951 oculi,

218 1960 294 2022 citus
312 1961 402 2022 modo
421 1961 511 2021 modo
525 1961 627 2022 tardus
641 1962 788 2035 incessum
802 1981 924 2041 prorsus
938 1963 969 2021 in
981 1963 1055 2023 facie
1068 1963 1207 2042 voltuque
1222 1984 1273 2024 ve-

157 2045 198 2108 ld
218 2044 315 2106 cordia
326 2045 429 2107 iuerat.
451 2046 504 2106 sed
515 2046 707 2118 iuventutem,
719 2067 818 2126 quam,
829 2057 863 2107 ut
874 2065 962 2125 supra
973 2047 1110 2119 diximus,
1122 2049 1270 2122 inlexerat,

181 2139 197 2192 2
217 2130 318 2192 multis
338 2131 434 2192 modis
454 2131 531 2192 mala
547 2131 679 2192 facinora
694 2133 844 2193 edocebat.
873 2151 908 2192 ex
921 2132 978 2192 illis
992 2134 1078 2194 testis
1092 2135 1271 2213 signatores·
1293 2151 1327 2202 to

218 2233 274 2294 que
296 2216 385 2276 lalsos
410 2215 615 2290 commodare,
642 2217 731 2278 fidem
755 2217 889 2278 fortunas
910 2217 1038 2296 pericula
1064 2219 1128 2278 vilia
1154 2219 1271 2293 babere,

217 2307 286 2380 post
303 2300 356 2361 ubi
376 2319 480 2362 eorum
501 2301 611 2364 famam
630 2309 718 2381 atque
736 2303 879 2382 pudorem
895 2302 1064 2376 adtriverat,
1085 2304 1198 2365 maiora
1216 2306 1271 2366 alia

183 2394 199 2444 3
220 2385 392 2466 imperabat.
419 2387 444 2446 si
461 2405 547 2448 causa
562 2388 702 2466 peccandi
716 2388 746 2446 in
759 2405 899 2466 praesens
914 2388 1012 2448 minus
1026 2387 1208 2468 subpetebat,
1224 2391 1270 2452 ni-

215 2469 276 2532 bilo
292 2471 392 2533 minus
406 2471 531 2532 insontis
546 2472 633 2532 sicuti
647 2473 741 2532 sontis
756 2473 975 2544 circumvenire,
991 2475 1136 2553 iugulare3
1151 2475 1269 2548 scilicet,

106 2585 111 2594 =
214 2571 253 2616 ne
271 2575 325 2637 per
344 2557 437 2618 otium
457 2564 658 2636 torpescerent
677 2575 782 2618 manus
803 2566 855 2619 aut
874 2559 1005 2630 animus,
1025 2560 1151 2638 gratuito
1169 2560 1268 2639 potius
1290 2573 1323 2623 25

178 2654 195 2708 4
214 2643 310 2704 malus
325 2649 412 2721 atque
427 2641 551 2704 crudelis
566 2650 637 2704 erat.
666 2643 709 2703 eis
723 2644 825 2704 amicis
839 2643 984 2722 sociisque
999 2645 1127 2704 confisus
1139 2646 1268 2719 Catilina,

214 2727 303 2788 simul
322 2728 401 2808 quod
422 2747 471 2789 aes
490 2728 620 2790 alienum
639 2745 693 2807 per
711 2729 808 2789 omnis
826 2736 920 2789 terras
941 2730 1044 2806 ingens
1062 2737 1126 2790 erat
1140 2739 1171 2790 et
1189 2732 1268 2810 quod

212 2812 344 2892 plerique
360 2813 471 2874 Sullani
490 2813 598 2876 milites
617 2813 724 2892 largius
750 2833 805 2874 suo
829 2815 876 2874 usi
895 2814 1064 2892 rapinarum
1084 2824 1114 2874 et
1131 2815 1267 2876 victoriae

212 2897 319 2958 veteris
334 2915 482 2958 memores
496 2899 577 2959 civile
592 2899 701 2959 bellum
716 2899 906 2978 exoptabant,
928 2899 1138 2978 opprimundae
1152 2899 1196 2960 rei
1209 2919 1266 2978 pu-

212 2980 303 3043 blicae
323 2982 477 3044 consilium
497 2982 581 3062 cepit.
610 2984 643 3043 iu
662 2983 743 3043 ltalia
756 2984 853 3044 nullus
868 2985 1024 3056 exercitus,
1040 2985 1092 3046 Cn.
1108 2984 1266 3064 Pompeius
1287 2999 1321 3049 3⁰

211 3065 243 3126 in
257 3067 397 3128 extremis
411 3067 503 3127 terris
513 3067 623 3128 bellum
638 3067 770 3146 gerebam
790 3069 846 3148 ipsi
861 3068 1047 3130 consulatum
1061 3071 1170 3148 petenti
1182 3089 1266 3148 mag-

212 3167 250 3211 na
275 3170 356 3230 spes,
378 3159 497 3212 senatus
521 3152 594 3213 nihil
612 3170 682 3213 sane
699 3153 846 3215 intentus:
869 3161 951 3214 tutae
970 3158 1199 3236 tranquillaeque
1217 3174 1265 3216 res

213 3253 330 3309 omnes,
348 3237 399 3298 sed
415 3255 447 3298 ea
462 3255 584 3316 prorsus
600 3244 765 3318 opportuna
780 3239 928 3300 Catilinae.

151 3317 192 3382 tt
296 3321 387 3402 Igitur
407 3321 521 3384 circiter
540 3323 675 3384 kalendas
690 3324 787 3384 lunias
802 3325 834 3384 L.
851 3324 971 3387 Caesare
986 3333 1016 3386 et
1031 3327 1062 3386 C.
1077 3326 1178 3405 Figulo
1194 3344 1266 3386 eou-

211 3405 324 3470 sulibus
343 3407 439 3489 primo
460 3407 590 3488 singulos
603 3408 763 3487 appellare,
784 3410 896 3470 hortari
915 3412 987 3472 alios
1013 3411 1085 3472 alios
1106 3419 1265 3490 temptarc3
1287 3422 1319 3474 35

212 3511 281 3572 opes
305 3509 386 3567 suas,
408 3494 570 3573 inparatam
589 3511 651 3554 rem
671 3494 834 3572 publicam,
857 3515 961 3576 magna
980 3497 1110 3575 praemia
1130 3497 1266 3557 coniura-

279 3691 294 3741 8
313 3700 398 3758 strpm
410 3695 434 3745 P
448 3693 458 3762 ΙΙ
473 3696 503 3746 12
516 3691 601 3746 adulta
613 3696 668 3760 PC,
686 3698 797 3747 adultum
812 3698 833 3748 C
846 3696 855 3764 ΙΙ
875 3699 906 3747 14
917 3697 1009 3748 tuisne
1021 3699 1045 3761 (e
1055 3701 1134 3762 cras.)
1148 3697 1191 3766 Pp
1204 3698 1267 3750 laci-

211 3775 257 3809 nus
270 3763 412 3811 maturandi
421 3779 449 3830 p,
462 3761 557 3814 lacinus
569 3767 722 3814 maturasda
735 3766 759 3814 P
770 3767 796 3826 (s
807 3781 874 3815 cros.
883 3769 920 3828 2),
938 3765 1059 3816 facinoris
1075 3769 1216 3818 maturandi
1230 3767 1266 3835 Cli

213 3825 244 3877 16
257 3827 381 3894 quietibus
397 3845 421 3896 p,
434 3831 554 3881 tristibus
567 3833 591 3881 P
601 3830 611 3898 ΙῙ
626 3833 654 3880 tt
674 3833 744 3882 colos
757 3833 892 3896 exsanguis
904 3834 1006 3884 Probus
1017 3837 1084 3884 calli.
1095 3851 1123 3900 p.
1135 3837 1169 3885 15
1179 3841 1205 3885 ct
1221 3836 1265 3901 23,

211 3895 268 3946 colo
284 3897 288 3958 Ι
303 3896 341 3946 rei
353 3898 473 3961 exanguis
487 3899 515 3964 P,
534 3900 607 3949 color
622 3900 625 3960 Ι
641 3901 665 3950 ei
677 3901 811 3965 exsanguis
822 3918 848 3967 p,
861 3902 934 3952 color
946 3902 994 3964 (vel
1004 3901 1089 3963 colos)
1101 3903 1125 3951 ei
1137 3918 1158 3952 e.
1171 3903 1211 3952 vcl
1221 3919 1265 3953 co-

209 3963 251 4014 lor
263 3963 316 4014 eius
328 3979 349 4014 c.
365 3965 385 4014 C
399 3964 408 4030 ΙΙ
427 3965 459 4016 20
475 3967 596 4018 edocebat
606 3968 657 4035 pC,
675 3969 774 4019 edocuit
791 3967 834 4036 Pll
848 3971 880 4020 29
898 3970 974 4020 ciuile
983 3985 1010 4037 p,
1023 3969 1074 4019 cini
1085 3971 1109 4020 P
1121 3967 1130 4036 ΙΙ
1143 3971 1172 4018 31
1192 3971 1240 4036 ipsi
1252 3991 1265 4020 a

210 4031 313 4082 consulu
325 4034 353 4084 tt‘t
367 4033 465 4098 petendi
476 4053 489 4083 s
502 4035 601 4100 (sotsac
613 4035 715 4088 videtur
731 4037 811 4102 ipsum
829 4039 955 4089 consulati
966 4038 1087 4104 petendi)
1100 4038 1131 4101 P,
1143 4037 1191 4104 ipsi
1203 4054 1265 4089 con-

211 4098 319 4152 sulatum
331 4102 433 4167 petendi
443 4102 483 4154 vel
490 4103 585 4169 petenti
599 4103 620 4154 0
