2846 4682
432 397 439 413 ,
462 353 508 406 ‘oc
526 345 633 406 numo
652 353 858 408 rucuurnrno
1149 362 1192 423 49

121 513 190 568 tem
210 507 350 571 extollere
371 507 520 580 laudibus:
536 509 628 588 gratia
642 529 723 584 voce,
739 511 864 591 denique
879 511 1016 576 omnbius
1031 513 1127 577 modis
1137 533 1193 594 pro

122 591 223 652 alieno
238 591 349 653 scelere
364 600 393 654 et
408 593 516 672 llagitio
532 611 585 656 sua
600 595 683 674 quasi
697 613 752 674 pro
768 596 859 674 gloria
872 596 1052 658 nitebantur.
1076 605 1106 658 at
1118 608 1218 660 con-a

121 681 172 736 tra
187 677 283 755 pauci,
300 677 406 756 quibus
421 677 535 740 boumn
550 685 580 739 et
594 698 720 759 aequom
736 680 844 743 divitiis
860 682 956 743 carius
967 688 1040 754 crat,
1052 683 1191 746 subveni-

123 761 244 828 undum
269 761 425 824 Adherbali
449 770 479 824 et
504 763 679 842 Hiempsalis
705 773 833 826 mortem
860 784 959 828 serere
989 767 1192 830 vindicandam

83 858 99 905 a
123 845 297 918 censebant,
312 847 414 908 seder
429 847 568 908 omnibus
578 867 717 910 maxume
728 849 867 912 Aemilius
880 850 1017 923 Scaurus,
1033 852 1124 913 borno
1136 871 1192 914 no·
1214 865 1230 914 4

121 930 194 990 bibs
214 931 327 1010 inpiger
345 932 486 994 factiosus
505 933 606 994 avidus
624 935 773 1012 potentiae
792 934 913 996 honoris
936 935 1117 1010 divitiarum,
1142 957 1190 1000 ce-

123 1023 227 1076 terum
248 1015 317 1076 vitia
331 1034 385 1077 sua
400 1016 501 1078 callide
517 1017 676 1080 occultans.
706 1019 732 1080 is
745 1027 904 1100 postquam
919 1019 997 1082 videt
1010 1021 1087 1099 regis
1102 1023 1189 1101 largi-
1212 1035 1227 1082 5

123 1100 241 1160 tionem
256 1101 401 1162 famosam
415 1101 683 1182 inpudentemque,
704 1104 827 1176 veritus,
853 1105 932 1184 quod
947 1105 978 1164 in
993 1105 1043 1165 tali
1058 1124 1090 1166 re
1105 1107 1190 1180 solet,

124 1203 165 1245 ne
181 1185 293 1264 polluta
307 1186 422 1248 licentia
437 1185 576 1252 invidiam
592 1189 774 1261 accenderet,
787 1189 920 1250 animum
932 1207 949 1249 a
960 1197 1103 1252 consucta
1114 1190 1192 1252 lubi-

70 1284 102 1334 tu
125 1269 197 1330 dine
208 1270 363 1330 continuit.
384 1270 453 1332 vicit
466 1279 568 1332 tamen
583 1271 613 1331 in
627 1279 731 1334 senatu
745 1291 813 1352 pars
824 1273 881 1347 illa,
894 1293 968 1352 quae
979 1293 1049 1336 vcro
1063 1275 1192 1355 pretium
1214 1281 1254 1340 ld

125 1361 178 1414 aut
192 1355 315 1434 gratiam
330 1355 520 1424 anteferebat.
550 1356 701 1418 decretum
716 1358 750 1418 fit
770 1359 819 1434 uti
834 1359 936 1420 decem
956 1359 1042 1438 legati
1056 1377 1189 1439 regnum,
1212 1375 1227 1424 2

126 1441 208 1518 qnod
221 1439 342 1518 Micipsa
357 1441 533 1520 optinuerat,
548 1441 627 1502 inter
640 1441 812 1522 lugrntbam
827 1449 857 1503 et
872 1443 1065 1505 Adherbalem
1079 1445 1191 1508 divide-

124 1531 203 1584 rent.
236 1525 319 1586 cuius
342 1524 495 1604 legationis
519 1526 656 1606 princeps
682 1526 738 1588 fuit
758 1527 790 1588 L.
813 1527 963 1606 OpimiuS,
986 1529 1076 1590 homo
1097 1529 1192 1591 clarus

125 1615 157 1670 et
176 1607 243 1670 tum
261 1609 293 1670 iu
307 1617 413 1671 senatu
426 1617 547 1690 potens,
571 1611 638 1690 quia
658 1612 761 1690 consul
775 1613 812 1674 .C.
834 1614 964 1679 Graccho
985 1620 1015 1674 et
1033 1613 1071 1672 M.
1087 1613 1191 1675 Fulvio
1386 1690 1388 1694 Α

72 1707 104 1756 15
127 1693 232 1755 Flacco
253 1694 415 1756 interfectis
436 1713 589 1758 acerrume
609 1695 762 1775 victoriam
782 1695 941 1764 nobilitatis
962 1697 992 1756 in
1006 1698 1123 1776 plebem
1138 1718 1191 1759 ex·
1328 1734 1343 1763 .
1413 1753 1414 1764 2

127 1787 270 1840 creuerat.
303 1797 371 1839 eum
384 1779 525 1858 lugrntba
539 1781 658 1841 tametsi
669 1781 781 1842 Romae
795 1781 826 1841 in
837 1781 962 1842 inimicis
977 1781 1127 1852 babuerat,
1144 1789 1190 1842 ta·
1212 1793 1227 1844 3

125 1881 196 1924 rnen
216 1863 448 1926 adcuratissumc
469 1863 594 1944 recepit,
616 1865 711 1926 dando
727 1873 756 1925 et
770 1865 933 1944 pollicendo
949 1865 1043 1928 multa
1057 1867 1189 1946 perfecit,
1204 1888 1209 1894 ’

125 1949 170 2008 uti
194 1949 276 2010 lama
302 1948 374 2022 fide,
395 1955 548 2028 postremo
569 1949 708 2011 omnibus
728 1951 788 2010 suis
815 1949 903 2010 rebus
929 1951 1121 2012 commodum
1140 1969 1189 2013 rc·
1309 2022 1312 2028 ,

126 2033 169 2112 gis
189 2033 359 2094 anteferret.
403 2035 533 2113 reliquos
558 2034 667 2113 legatos
694 2035 795 2096 cadem
823 2034 869 2096 ria
890 2035 1044 2116 adgressus
1074 2036 1188 2114 pleros·
1210 2051 1227 2100 4

70 2135 105 2184 '20
127 2137 184 2198 quc
205 2118 297 2198 capit,
318 2119 418 2196 paucis
438 2119 533 2180 carior
551 2118 622 2180 fides
643 2137 732 2198 quarn
752 2120 876 2199 pecunia
894 2120 960 2181 luit.
997 2121 1027 2180 in
1049 2121 1189 2182 divisione
1211 2135 1226 2184 t

126 2221 201 2282 quae
225 2221 294 2282 pars
313 2203 467 2265 Numidiae
486 2203 697 2266 Mauretaniam
725 2205 854 2284 attingit,
876 2206 1090 2286 agro'virisque
1113 2226 1189 2286 opu-

124 2287 245 2360 lcntior,
267 2288 423 2366 Iugurthae
443 2289 584 2361 traditur,
606 2289 685 2350 illam
705 2289 826 2350 alteram
846 2289 942 2368 specie
958 2309 1047 2368 quam
1062 2309 1119 2352 usu
1133 2311 1190 2370 po·

123 2371 244 2445 uorem,
262 2373 521 2519 quacxportuosior
535 2381 565 2434 ct
582 2373 718 2435 aedificiis
736 2374 828 2453 magis
839 2381 979 2436 exornata
991 2383 1062 2448 crat,
1074 2376 1190 2460 lidber-¹

124 2457 171 2520 bal
185 2457 326 2536 possedit.
1206 2457 1213 2476 ⁸

68 2555 102 2604 25
130 2592 132 2595 .
210 2542 269 2602 Res
284 2543 433 2622 postulare
448 2543 563 2604 videtur
577 2542 691 2604 Africae
705 2543 796 2603 situm
811 2543 911 2622 paucis
932 2561 1078 2620 exponere
1094 2551 1124 2604 et
1138 2563 1187 2606 eas
1211 2547 1249 2608 1t

124 2627 233 2706 gentiS,
255 2627 431 2706 quibuscum
445 2627 530 2700 uobis
545 2627 655 2688 bellum
670 2635 721 2688 aut
735 2627 862 2688 amicitia
876 2627 941 2700 fuit,
958 2628 1110 2706 attingere.
1134 2630 1187 2689 sed
1209 2642 1224 2690 2

126 2729 199 2790 quae
214 2711 279 2772 loca
294 2719 323 2773 et
338 2711 473 2772 nationes
490 2712 527 2772 ob
543 2710 671 2774 calorem
686 2718 737 2772 aut
752 2712 948 2792 asperitatem,
964 2712 1037 2772 item
1051 2712 1186 2774 solitudi-

124 2814 177 2856 nes
193 2797 293 2858 miuus
306 2797 495 2876 frequentata
509 2804 588 2869 sunt,
601 2797 637 2856 dc
649 2796 691 2856 cis
702 2795 781 2856 haud
791 2795 874 2856 facile
886 2805 1072 2876 compertum
1084 2815 1186 2858 narra-

124 2881 225 2941 verim.
256 2889 353 2943 cetera
368 2899 458 2960 quam
472 2881 666 2961 paucissumis
680 2879 839 2942 absolvam.

69 2978 103 3028 30
209 2965 244 3026 ln
267 2966 408 3027 divisione
437 2966 516 3028 orbis
536 2973 632 3027 terrae
650 2964 782 3045 plerique
801 2965 832 3026 iu
852 2972 935 3045 parte
953 2965 1040 3026 tertia
1059 2965 1188 3028 Africam
1208 2978 1224 3028 3

124 3069 265 3129 posuere,
287 3051 372 3129 pauci
386 3058 504 3112 tautum
519 3051 610 3112 modo
624 3049 724 3112 Asiam
740 3057 770 3110 et
784 3049 933 3130 Europam
948 3070 1026 3124 esse,
1042 3051 1095 3113 scd
1109 3051 1188 3112 Airi-

124 3154 189 3196 cam
208 3135 240 3196 in
254 3135 381 3216 Europa.
411 3156 446 3197 ea
466 3135 532 3196 fmis
549 3135 639 3196 babet
658 3135 694 3196 ab
710 3133 859 3196 occidente
880 3137 991 3197 fretum
1011 3137 1105 3197 nostri
1122 3154 1187 3196 ma·
1208 3149 1226 3199 4

123 3219 164 3280 ris
179 3227 211 3281 et
230 3220 353 3292 Oceani,
374 3221 410 3282 ab
431 3228 499 3281 ortu
519 3220 589 3280 solis
611 3219 751 3280 declivem
766 3219 967 3294 latitudinem,
984 3239 1075 3299 quem
1089 3221 1188 3282 locum

124 3304 346 3368 Catabathmon.
352 3305 464 3367 incolae
480 3304 635 3384 appellant.
659 3323 740 3366 mare
756 3322 875 3366 saevom
889 3305 1106 3382 inportuosum,
1120 3323 1189 3382 ager
1208 3315 1224 3363 5
1323 3375 1328 3388 Ι

70 3401 102 3449 35
123 3389 243 3470 frugum
258 3381 378 3470 fertilis,
398 3389 494 3450 bonus
509 3389 624 3468 pecori,
641 3388 738 3450 arbori
752 3388 939 3460 infecundus,
956 3387 1035 3448 caelo
1050 3394 1188 3466 terraque

123 3475 248 3552 penuria
261 3493 415 3554 aquarum.
445 3491 537 3554 genus
551 3473 707 3534 hominum
722 3472 831 3532 salubri
847 3489 985 3550 corpore,
1002 3471 1094 3544 velox,
1111 3473 1187 3551 pati·
1209 3479 1225 3531 t

124 3577 177 3620 ens
197 3559 341 3620 laborum.
362 3559 519 3639 plerosque
534 3563 670 3619 senectus
686 3555 826 3628 dissolvit,
842 3557 898 3616 nisi
914 3557 964 3634 qni
975 3557 1053 3616 ferro
1069 3563 1120 3618 aut
1134 3556 1187 3617 be·
1413 3605 1414 3626 ,

124 3643 187 3703 stiis
208 3644 358 3705 interiere:
380 3661 450 3704 nam
465 3643 586 3704 morbus
601 3641 679 3703 haud
695 3659 781 3720 saepe
797 3659 977 3720 quemquam
995 3648 1124 3720 superat.
1151 3643 1190 3710 ad
1296 3667 1297 3671 ¹
1413 3711 1414 3718 ,

124 3729 181 3789 boc
201 3729 319 3789 malitici
338 3727 451 3808 generis
471 3727 608 3807 pluruma
629 3725 773 3788 animalia.
803 3725 856 3786 sed
876 3725 926 3806 qui
945 3725 1084 3788 mortales
1103 3726 1187 3788 initio
1210 3737 1224 3786 7
1265 3781 1269 3790 ,
1293 3759 1294 3762 ¹

195 3863 226 3913 13
244 3863 388 3924 largitionis
398 3864 421 3915 P
432 3860 442 3932 11
458 3864 488 3914 14
506 3863 608 3914 consuls
619 3863 648 3928 P,
661 3861 750 3912 consul
758 3861 798 3911 vel
806 3861 951 3912 consulibus
963 3858 1005 3929 011
1020 3861 1050 3912 lb
1069 3861 1189 3912 interfec-

126 3931 160 3980 tis
171 3948 208 3982 erc
220 3929 371 3980 interlectos
387 3931 411 3982 P
422 3929 432 3999 11
447 3931 478 3980 16
496 3931 522 3980 in
533 3931 641 3982 inimicis
653 3945 722 3981 unus
730 3945 766 3978 ea·
774 3946 796 3992 z,
810 3929 837 3979 in
846 3930 933 3980 amicis
943 3929 989 3981 Pe
999 3929 1009 3996 1
1024 3929 1054 3979 18
1066 3927 1132 3978 lama
1141 3929 1189 3978 lide

123 3998 174 4062 PC,
187 3997 269 4048 lamae
281 3998 329 4048 lide
343 3997 377 4048 Ol
389 3995 399 4064 1
412 3999 442 4048 21
463 3999 605 4064 opulentior
617 4000 640 4051 P
652 3997 661 4066 11
675 3999 708 4048 34
726 3997 917 4048 cathobathmon
929 3999 953 4050 P
963 3997 974 4066 1
986 3997 1071 4064 pecori
1082 3999 1126 4060 (aar
1135 3997 1187 4061 -ra)

125 4082 139 4150 p
151 4065 242 4117 arbori
253 4066 277 4116 P
288 4062 299 4132 11
312 4063 343 4114 37
361 4065 457 4116 laboris
470 4081 515 4116 nec
527 4067 660 4133 plerosque
672 4067 770 4118 Fronto
777 4081 803 4132 p.
817 4065 869 4116 163

184 4166 319 4209 Sallustius.
971 4165 987 4214 4
