2854 4678
222 303 281 364 136
552 295 683 346 inuuunt
700 295 745 346 Ao
764 293 941 344 CAESAREM

185 467 199 516 5
221 472 300 526 cere,
322 453 393 514 dum
415 451 485 530 quid
503 450 557 511 tibi
577 468 610 510 ex
631 468 666 512 eo
685 449 792 528 gloriae
808 447 954 510 acciderit.
984 445 1072 526 idque
1087 463 1149 506 non
1162 453 1274 509 temere

219 556 314 617 neque
330 555 365 596 ex
378 535 497 596 fortuna
510 541 561 596 tua
574 533 697 605 decrevi,
709 533 759 594 sed
773 533 839 611 quia
849 533 881 592 in
891 539 921 592 tc
933 537 1049 610 praeter
1061 536 1170 592 ceteras
1182 539 1275 592 artem

219 639 307 684 unam
324 619 437 700 egregie
448 617 613 680 mirabilem
625 617 765 698 comperi,
782 635 900 696 semper
910 615 964 677 tibi
975 615 1118 676 maiorem
1130 615 1161 675 in
1171 617 1275 677 adver-

184 722 200 772 6
219 707 260 768 sis
275 725 364 786 quam
378 704 409 764 in
420 704 556 765 secundis
567 703 655 764 rebus
667 702 798 764 animum
811 707 883 763 esse.
910 701 963 762 sed
975 718 1028 780 per
1039 706 1150 761 ceteros
1163 708 1275 762 morta-

220 791 255 852 lis
270 791 318 852 illa
331 808 379 850 res
395 789 500 850 clarior
513 795 568 860 est,
584 788 662 866 quod
676 787 758 867 prius
774 786 880 848 defessi
895 791 965 846 sunt
979 785 1115 846 homines
1129 784 1275 846 laudando
1299 797 1316 844 o
1406 867 1407 872 ἵ

220 881 307 954 atque
323 873 494 936 admirando
510 871 741 934 munificentiam
755 877 848 942 tuam,
865 888 953 950 quam
968 876 1002 930 tu
1013 869 1044 930 in
1054 869 1190 930 faciundo
1203 887 1278 949 quae

179 969 198 1025 2
219 959 311 1039 gloria
326 959 410 1037 digna
425 965 532 1018 essent.
558 957 694 1036 equidem
710 954 784 1017 mibi
795 957 1003 1023 decretumest
1014 953 1087 1014 nihil
1097 960 1159 1014 tam
1171 973 1208 1018 ex
1219 954 1278 1014 alto

186 1059 201 1109 a
222 1044 315 1123 repeti
334 1061 436 1122 posse,
458 1041 535 1121 quod
557 1059 619 1102 non
633 1041 771 1120 cogitanti
785 1040 839 1100 tibi
853 1040 884 1099 in
897 1045 1039 1118 promptu
1054 1037 1102 1098 sit.
1132 1055 1228 1116 neque
1244 1057 1278 1104 eo

222 1146 296 1206 quae
312 1127 371 1187 visa
385 1133 454 1186 sunt
468 1127 503 1186 de
518 1145 550 1186 re
564 1125 680 1204 publica
694 1125 747 1185 tibi
762 1124 874 1204 scripsi,
891 1123 960 1204 quia
974 1122 1047 1184 mibi
1063 1121 1220 1184 consilium
1231 1130 1279 1183 at-

222 1232 278 1292 que
293 1211 442 1292 ingenium
456 1229 557 1270 meum
572 1210 697 1289 amplius
709 1227 802 1288 aequo
813 1209 996 1288 probaretur,
1013 1206 1065 1268 sed
1076 1207 1153 1268 inter
1163 1206 1278 1268 labores
1301 1215 1333 1266 10
1406 1179 1407 1200 l

221 1297 341 1358 militiae
361 1295 495 1373 interque
509 1293 618 1374 proelia
632 1294 767 1356 victorias
782 1293 939 1372 imperium
954 1291 1044 1352 statui
1058 1291 1278 1352 admonendum

186 1397 201 1446 a
221 1388 251 1444 te
266 1381 301 1440 de
316 1379 440 1459 negotiis
455 1378 584 1441 urbanis.
610 1397 737 1459 namque
752 1379 806 1440 tibi
816 1379 842 1439 si
852 1378 881 1438 id
893 1377 982 1446 modo
993 1377 1024 1436 in
1035 1382 1154 1455 pectore
1165 1376 1280 1437 consilii

222 1471 280 1536 est,
296 1472 330 1525 ut
349 1472 379 1525 tc
401 1463 437 1526 ab
457 1463 643 1525 inimicorum
664 1464 777 1544 impetu
797 1463 923 1523 vindices
941 1461 1162 1540 quoquomodo
1178 1467 1280 1522 contra

222 1550 376 1612 adversum
392 1549 543 1610 consulem
557 1549 697 1610 beneficia
712 1547 812 1627 populi
826 1547 962 1616 retineas,
978 1544 1094 1624 indigna
1107 1545 1214 1606 virtute
1228 1552 1280 1608 tua

186 1651 203 1700 4
223 1633 340 1714 cogitas.
371 1633 416 1694 sin
430 1633 461 1694 in
475 1640 505 1694 te
521 1632 568 1693 ille
584 1633 697 1693 animus
713 1639 771 1704 est,
793 1631 843 1709 qui
857 1631 915 1690 iam
931 1649 947 1690 a
960 1629 1104 1708 principio
1120 1621 1280 1692 nobilitatis
1301 1636 1334 1686 15
1406 1609 1407 1686 l

221 1719 378 1782 factionem
395 1717 576 1788 disturbavit,
591 1717 707 1796 plebem
721 1715 885 1784 Romanam
899 1733 934 1776 ex
950 1713 1029 1792 gravi
1042 1713 1182 1776 servitute
1196 1713 1228 1776 in
1243 1714 1280 1799 li-

222 1803 365 1864 bertatem
380 1801 518 1872 restituit,
534 1801 565 1860 in
579 1808 713 1880 praetura
729 1799 915 1861 inimicorum
931 1817 1012 1858 arma
1023 1797 1144 1860 inermis
1156 1798 1279 1871 disiecit,

223 1887 303 1948 domi
318 1885 496 1964 militiaeque
510 1892 592 1946 tanta
607 1892 637 1946 et
652 1893 712 1945 tam
723 1883 870 1964 praeclara
884 1882 1013 1944 facinora
1027 1883 1106 1954 fecit,
1122 1889 1208 1945 utne
1223 1883 1280 1943 ini-

224 1970 293 2042 mici
313 1971 433 2050 quidem
454 1969 537 2049 queri
558 1969 713 2050 quicquam
736 1968 866 2028 audeant
881 1967 937 2028 nisi
951 1967 987 2026 de
1002 1967 1201 2046 magnitudine
1213 1973 1279 2028 tua:

225 2057 339 2133 quintu
350 2055 447 2134 accipe
459 2073 491 2114 ea
504 2072 577 2132 quae
589 2053 683 2115 dicam
695 2053 730 2114 de
742 2071 858 2113 summa
869 2070 901 2112 re
911 2051 1034 2131 publica.
1062 2071 1136 2132 quae
1146 2052 1279 2132 prolecto
1299 2059 1333 2109 20

225 2147 276 2200 aut
289 2158 356 2201 vera
371 2138 500 2200 invenies
516 2145 566 2200 aut
582 2145 659 2199 certe
673 2136 870 2216 haudprocul
884 2155 900 2196 a
916 2154 993 2197 vero.

184 2217 203 2278 3
310 2223 367 2284 Sed
392 2223 530 2300 quoniam
552 2223 603 2284 Cu.
623 2221 780 2301 Pompeius
800 2228 850 2282 aut
873 2220 962 2282 animi
981 2220 1123 2300 pravitate
1142 2227 1193 2281 aut
1213 2221 1282 2300 quia

224 2305 298 2366 nihil
317 2325 352 2366 eo
367 2305 470 2366 maluit
485 2306 564 2384 quod
579 2305 633 2366 tibi
648 2305 763 2367 obesset
778 2305 819 2366 ita
833 2306 932 2385 lapsus
948 2311 1005 2376 est,
1019 2311 1060 2366 >ut
1074 2304 1209 2367 hostibus
1223 2305 1283 2368 tela

225 2390 256 2450 in
278 2407 382 2452 manus
403 2389 523 2462 iaceret,
546 2389 652 2470 quibus
672 2389 719 2451 ille
739 2390 826 2450 rebus
846 2407 910 2450 rem
924 2389 1071 2468 publicam
1087 2389 1281 2461 conturbavit,

189 2480 204 2530 2
226 2474 337 2536 eisdem
356 2473 409 2536 tibi
423 2474 637 2536 restituendum
653 2482 706 2536 est.
735 2474 866 2553 primmn
881 2473 1016 2535 omnium
1031 2491 1180 2534 summam
1194 2480 1280 2554 pote·
1299 2483 1331 2532 25
1406 2459 1407 2518 l

225 2566 331 2620 statem
352 2559 521 2620 moderandi
537 2559 572 2619 de
588 2559 773 2638 vectigalibus
789 2558 955 2638 sumptibus
970 2557 1082 2619 iudiciis
1096 2559 1281 2620 senatoribus

226 2643 325 2724 paucis
339 2643 467 2714 tradidit,
483 2643 599 2723 plebem
615 2643 788 2715 Romanam,
805 2642 910 2722 quoius
925 2650 1009 2704 antea
1023 2662 1140 2704 summa
1150 2651 1282 2724 potestas

188 2735 203 2786 ³
225 2735 301 2800 erat,
317 2745 355 2788 ue
370 2727 487 2808 aequeis
503 2728 620 2806 quidem
636 2727 746 2808 legibus
762 2727 793 2787 in
807 2727 947 2789 servitute
962 2727 1087 2806 reliquit.
1117 2727 1223 2790 iudicia
1235 2736 1281 2790 ta-

225 2811 321 2883 metsi,
337 2811 412 2874 sicut
427 2819 525 2884 antea,
540 2813 634 2873 tribus
650 2811 799 2874 ordinibus
813 2811 919 2872 tradita
934 2819 1016 2883 sunt,
1032 2819 1132 2874 mmen
1147 2812 1226 2874 idem
1240 2813 1282 2874 illi

224 2896 338 2958 factiosi
357 2903 470 2976 regunt,
493 2896 563 2958 dant
583 2897 716 2958 adimunt
739 2896 916 2975 quaelubet,
938 2896 1102 2981 innocentis
1118 2896 1280 2959 circumve·
1299 2903 1330 2952 30

189 2991 205 3040 4
225 2979 326 3050 munt,
347 2999 416 3040 suos
438 2981 474 3040 ad
493 2981 636 3042 bonorem
652 2981 805 3042 extollunt.
836 2997 896 3040 non
910 2979 1041 3052 lacinus,
1062 2997 1123 3042 non
1139 2981 1281 3060 probrum

225 3070 275 3124 aut
289 3062 430 3140 flagitium
446 3064 552 3136 obstat,
569 3085 627 3144 quo
643 3065 740 3126 minus
756 3065 942 3144 magistratus
957 3065 1080 3144 capiant.
1108 3084 1183 3145 quos
1198 3085 1280 3128 com-

225 3147 348 3208 modum
367 3155 411 3208 est
426 3147 547 3210 trabunt
557 3149 690 3229 rapiunt3
705 3157 856 3228 postremo
870 3156 1022 3230 tamquam
1035 3149 1107 3211 urbe
1119 3157 1203 3230 capta
1214 3150 1280 3212 libi-

188 3247 203 3296 5
225 3231 292 3292 dine
312 3251 346 3293 ac
365 3231 479 3294 licentia
495 3251 546 3294 sua
561 3252 615 3314 pro
632 3233 742 3314 legibus
757 3239 891 3295 utuntur.
921 3251 1018 3295 acme
1033 3234 1151 3313 quidem
1165 3235 1280 3296 medio-

225 3317 282 3378 cris
297 3315 381 3376 dolor
394 3324 520 3396 angeret,
538 3316 563 3379 si
578 3318 684 3381 virtute
698 3325 812 3399 partam
827 3318 979 3380 victoriam
994 3336 1076 3380 more
1087 3338 1141 3380 suo
1152 3337 1206 3400 per
1216 3339 1280 3380 ser·
1298 3325 1329 3375 35
1406 3339 1407 3358 2

188 3415 203 3464 d
224 3401 329 3462 vitium
349 3409 525 3462 exercerent.
556 3403 605 3464 sed
624 3403 761 3465 homines
780 3403 963 3474 inertissimi,
984 3421 1110 3482 quorum
1125 3404 1222 3466 omnis
1237 3405 1280 3466 vis

225 3485 373 3565 virtusque
389 3485 420 3546 in
434 3486 531 3565 lingua
545 3487 601 3548 sita
614 3496 668 3560 est,
684 3489 761 3549 forte
772 3495 859 3567 atque
870 3489 989 3550 alterius
1001 3489 1135 3551 socordia
1145 3489 1279 3550 domina-

188 3585 203 3632 7
224 3569 336 3630 tionem
352 3569 479 3631 oblatam
494 3569 653 3634 insolentes
668 3573 787 3651 agitant.
813 3591 883 3634 nam
898 3573 1092 3651 quaeseditio
1104 3580 1154 3636 aut
1165 3573 1279 3636 dissen-

295 3801 305 3850 l
327 3802 458 3852 accederet
469 3801 553 3852 Aldus
566 3800 576 3870 l
594 3801 609 3850 6
622 3803 718 3868 quintu
731 3805 757 3854 in
769 3803 884 3856 faciundo
898 3805 932 3868 V,
943 3805 970 3856 iu
982 3805 1073 3856 dauco
1083 3805 1187 3871 Laetus,
1199 3809 1228 3856 ct
1239 3807 1277 3872 cf.

221 3884 247 3935 p.
261 3867 320 3934 133,
330 3867 366 3917 37
376 3868 385 3935 tl
396 3869 411 3918 8
423 3869 504 3932 repeti
516 3869 671 3933 Ciaccociuc,
684 3871 793 3938 reperiri
807 3873 835 3924 V
844 3871 854 3940 ll
866 3875 905 3936 co]
918 3887 963 3936 ego
975 3876 1002 3923 tn
1016 3873 1045 3924 V
1053 3887 1120 3925 cera.
1131 3889 1225 3924 romeus
1237 3888 1279 3925 re·

224 3951 282 3986 cena
295 3933 305 4004 ΙΙ
320 3935 350 3986 16
369 3935 522 3986 disturbabit
536 3936 564 3987 V
578 3937 588 4002 ΙΙ
606 3937 637 3987 30
654 3939 725 3989 lubet
734 3938 825 4004 Aldus,
838 3941 907 4004 luget
920 3940 948 3991 V
958 3939 967 4008 ΙΙ
981 3941 1011 3990 31
1031 3941 1148 3992 adborem
1160 3942 1192 4006 (a.
1204 3959 1226 3992 a.
1236 3944 1278 4004 no)

226 4002 254 4053 V
263 4000 272 4070 fl
286 4003 318 4054 38
336 4019 439 4070 numqua
453 4003 543 4054 seditio
558 4005 586 4056 V
