2854 4678
212 335 272 396 122
536 329 585 382 ux
602 327 763 382 sacncsrr
780 327 938 410 msroaus

197 493 273 568 ptum
288 505 391 566 pacem
405 503 504 564 agere,
525 485 593 545 dein
608 485 687 564 quod
702 485 852 564 quaesitur
867 484 975 546 satisne
989 484 1072 563 pium
1086 490 1186 546 tntum
1201 483 1266 564 glo·

172 573 321 656 ariosum
341 589 380 632 an
397 571 568 632 indecorum
590 569 637 630 sit.
667 569 721 630 tibi
735 577 877 650 perpetua
891 588 962 649 pace
977 569 1036 630 frui
1050 569 1131 648 licet,
1152 569 1267 650 egregia

196 656 294 728 lama,
309 657 335 716 si
349 657 500 718 Romanos
516 654 707 734 oppresseris,
722 655 822 716 futura
836 661 891 716 est.
918 653 974 716 uisi
988 655 1089 716 hostes
1106 654 1267 734 opportuni

207 749 238 802 et
252 741 470 812 scelestissumi,
486 757 582 820 neque
597 747 697 820 petere
711 739 834 801 audeam
846 739 1017 800 societatem
1028 747 1059 802 et
1069 739 1177 802 trustra
1190 739 1268 801 mala

171 837 186 887 3
208 845 274 887 mea
288 845 356 888 eum
373 827 456 887 bonis
485 825 544 886 tuis
558 823 675 888 misceri
690 842 817 904 sperem.
845 831 935 904 atque
949 843 997 896 ea,
1020 843 1095 904 quae
1110 831 1140 884 te
1156 823 1267 886 morari
1289 837 1305 886 5

207 929 294 991 posse
309 911 453 984 videntur,
468 910 511 972 ira
525 909 556 971 in
571 911 726 990 Tigranem
736 910 862 972 recentis
876 909 944 970 belli
959 917 989 970 et
1003 928 1087 971 meae
1101 927 1149 970 res
1160 927 1267 989 parurn

171 1007 187 1057 4
208 1014 382 1075 prosperae,
403 996 429 1056 si
443 1013 510 1056 vera
524 995 700 1057 existumare
716 993 809 1066 voles,
831 1012 968 1056 maxume
982 995 1188 1056 hortabuntur.
1219 993 1267 1055 ille

207 1081 287 1142 enim
303 1081 447 1142 obnoxius
462 1080 580 1158 qualem
590 1089 624 1142 tu
634 1079 713 1140 voles
724 1079 895 1140 societatem
907 1078 1038 1156 accipiet,
1054 1079 1126 1140 mihi
1136 1080 1266 1152 fortuna,

207 1165 308 1228 multis
323 1165 411 1228 rebus
426 1163 543 1244 ereptis,
560 1183 648 1226 usum
662 1164 743 1225 dedit
756 1163 831 1225 bene
847 1163 989 1225 suadendi
1005 1171 1044 1236 et,
1060 1164 1140 1244 quod
1156 1165 1266 1226 lloren·

208 1250 285 1311 tibus
301 1249 426 1328 optabile
441 1256 495 1320 est,
511 1268 565 1328 ego
580 1266 640 1309 non
654 1248 859 1310 validissumus
873 1249 999 1328 praebeo
1012 1249 1190 1327 exemplum,
1206 1267 1268 1329 quc
1290 1259 1323 1311 tt

172 1350 187 1398 5
207 1334 315 1396 rectius
330 1341 382 1396 tua
396 1351 554 1412 conponas.
584 1351 712 1414 namque
727 1333 869 1394 Romanis
885 1351 953 1399 urm
967 1333 1134 1394 nationibus
1148 1333 1267 1413 populis

207 1419 322 1498 regibus
334 1418 447 1480 cunctis
458 1435 517 1480 uua
528 1425 559 1479 et
568 1437 603 1478 ea
614 1425 697 1478 retus
709 1436 795 1481 causa
805 1417 931 1478 bellandi
939 1424 993 1489 cst,
1006 1417 1112 1496 cupido
1121 1418 1268 1496 profunda

207 1503 313 1583 imperi
328 1511 357 1564 et
372 1503 546 1565 divitiarum.
572 1521 630 1582 qua
644 1501 741 1582 primo
756 1520 824 1564 cum
838 1521 906 1582 rege
921 1501 1115 1575 Macedonum
1130 1501 1266 1581 Philippo

171 1601 187 1652 t
207 1587 319 1650 bellum
339 1606 506 1668 sumpsere,
528 1587 600 1650 dum
614 1605 631 1647 a
646 1586 931 1666 Carthaginiensibus
945 1586 1169 1666 premebantur,
1189 1587 1266 1648 ami·

208 1673 307 1736 citiam
318 1673 498 1734 simulantes.
520 1671 548 1732 ei
559 1671 781 1732 subvenientem
792 1671 971 1732 Antiochum
982 1671 1170 1732 concessione
1182 1671 1266 1732 Asiae
1290 1681 1323 1732 ts
1414 1665 1415 1714 Ὗ

207 1778 262 1838 per
276 1759 377 1820 dolum
392 1766 541 1830 avortere,
557 1775 591 1818 ac
605 1775 676 1819 mox
690 1757 784 1817 fracto
800 1756 935 1835 Philippo
949 1755 1113 1817 Antiochus
1127 1756 1209 1822 omni
1225 1755 1268 1818 cis

171 1857 186 1905 7
207 1843 338 1906 Taurum
352 1861 420 1922 agro
435 1850 466 1904 et
480 1843 583 1904 decem
597 1841 715 1902 milibus
729 1840 907 1902 talentorum
920 1841 1062 1919 spoliatus
1077 1847 1130 1901 est.
1156 1840 1268 1902 Persen

209 1928 313 1990 deinde
333 1928 459 2006 Philippi
479 1926 571 1988 filium
592 1933 661 2006 post
679 1925 772 1986 multa
791 1933 822 1987 ct
839 1925 917 1986 varia
937 1925 1097 1987 certamina
1117 1925 1194 2004 apud
1210 1925 1266 1986 Sa-

208 2013 375 2074 mothracas
390 2013 461 2073 deos
476 2019 629 2091 acceptum
644 2011 675 2071 in
689 2011 778 2072 fldem
793 2011 888 2072 callidi
899 2017 929 2070 et
939 2017 1105 2090 repertores
1116 2009 1266 2089 perfidiae,

171 2108 187 2158 8
208 2097 275 2176 quia
287 2105 375 2175 pacto
391 2097 481 2158 vitam
495 2097 645 2167 dederant,
657 2095 811 2157 insomniis
823 2095 964 2158 occidere.
990 2095 1164 2165 Eumenem,
1180 2094 1264 2155 cuius
1288 2107 1323 2160 20

208 2181 365 2242 amicitiam
372 2181 498 2260 gloriose
508 2181 665 2252 ostentant,
678 2180 761 2242 initio
770 2181 924 2260 prodidere
932 2179 1087 2252 Antiocho,
1099 2181 1177 2260 pacis
1186 2197 1266 2240 mer-

156 2321 159 2324 .
208 2265 325 2339 cedem3
339 2272 417 2344 post,
434 2265 565 2326 habitum
578 2265 726 2326 custodiae
737 2265 798 2342 agri
810 2264 924 2344 captivi,
939 2265 1107 2344 sumptibus
1118 2273 1148 2325 et
1158 2271 1267 2325 contu-

208 2350 302 2410 meliis
317 2369 352 2410 ex
366 2369 434 2430 rege
446 2349 656 2411 miserrumum
667 2367 819 2410 servorum
831 2350 963 2424 effecere,
978 2350 1174 2429 simulatoque
1186 2349 1267 2429 inpio

207 2441 397 2509 testamento,
413 2435 507 2496 filium
522 2433 586 2498 eius
602 2433 812 2505 Aristonicum,
829 2435 897 2514 quia
910 2435 1037 2514 patrium
1052 2452 1176 2513 regnum
1191 2435 1268 2513 peti-

208 2528 298 2593 verat,
311 2521 442 2582 hostium
454 2532 537 2581 more
548 2537 602 2599 per
611 2519 797 2598 triumphum
809 2518 932 2592 duxere3
943 2520 1012 2582 Asia
1022 2519 1059 2581 ab
1069 2519 1140 2599 ipsis
1148 2518 1269 2582 obsessa
1289 2532 1324 2584 25

172 2613 187 2662 tt
208 2612 261 2666 cst.
284 2614 434 2685 postremo
446 2605 621 2684 Bithyniam,
633 2603 791 2665 Nicomede
802 2609 930 2674 mortuo,
942 2603 1097 2683 diripuere,
1113 2622 1181 2666 cum
1191 2603 1269 2665 lilius

208 2691 295 2770 Nysa,
310 2710 399 2770 quarn
413 2689 543 2768 reginam
559 2689 760 2768 appellaverat,
775 2689 890 2768 genitus
904 2689 982 2750 haud
997 2689 1083 2750 dubie
1099 2697 1186 2750 esset.

158 2781 190 2832 10
296 2775 370 2838 Nam
386 2775 456 2854 quid
471 2793 525 2854 ego
538 2793 585 2835 me
600 2770 767 2853 appellem?
783 2792 873 2852 quem
884 2773 1048 2835 diiunctum
1059 2773 1190 2854 undique
1201 2792 1269 2852 reg·

210 2861 256 2920 nis
271 2868 300 2920 et
316 2859 479 2921 tetrarchiis
495 2860 530 2920 ab
546 2858 805 2938 imperiosorum,
828 2857 897 2938 quia
911 2857 989 2919 fama
1004 2865 1067 2918 erat
1076 2857 1198 2919 divitem
1214 2876 1269 2919 ue-

208 2963 266 3023 que
281 2945 457 3006 serviturum
473 2963 546 3016 esse,
562 2962 616 3022 per
626 2942 815 3004 Nicomedem
828 2943 904 3004 bello
915 2942 1132 3015 lacessiverunt,
1149 2944 1267 3006 sceleris
1289 2955 1324 3006 st

209 3045 312 3100 eorum
333 3029 411 3088 haud
422 3028 555 3106 ignarum
571 3035 602 3087 et
615 3045 666 3099 ea,
686 3046 760 3106 quae
775 3029 920 3101 accidere,
941 3034 1082 3089 testatum
1097 3036 1182 3088 antea
1197 3029 1269 3090 ne·

208 3112 309 3184 tensis,
322 3112 401 3172 solos
410 3111 544 3172 omnium
550 3111 657 3172 liberos
666 3130 700 3171 ea
709 3119 891 3191 tempestate.
904 3119 933 3172 et
943 3131 1042 3192 regern
1053 3112 1269 3177 Ptolemaeum.

158 3199 186 3252 ll
209 3204 297 3276 atquc
316 3216 370 3277 ego
389 3197 469 3258 ultus
489 3195 609 3257 iniurias
627 3195 819 3256 Nicomedem
838 3196 973 3276 bithynia
993 3197 1091 3276 expuli
1110 3198 1269 3278 Asiamque
1295 3251 1300 3255 .

278 3450 293 3499 2
312 3450 359 3500 tibi
371 3450 394 3500 si
406 3456 527 3516 perpetua
538 3465 599 3516 pace
610 3448 660 3500 frui
673 3449 734 3500 licet
750 3448 799 3499 nisi
811 3450 897 3499 hostes
911 3449 1043 3515 opportuni
1056 3458 1082 3500 et
1094 3451 1268 3502 scelestissimi

210 3517 313 3580 egregia
324 3547 341 3554 -
357 3516 442 3568 futura
460 3524 500 3568 est
516 3533 594 3583 neque
606 3525 692 3583 petere
707 3517 841 3566 -misceri
857 3531 954 3582 sperem
968 3517 1007 3567 V:
1022 3520 1050 3567 in
1065 3519 1157 3584 quibus
1173 3517 1196 3568 si
1208 3524 1269 3586 post

116 3606 119 3608 ·
211 3585 259 3634 tibi
276 3583 410 3636 daromam
429 3590 456 3636 et
468 3586 545 3636 cerba
562 3585 611 3635 nisi
627 3615 643 3622 -
656 3585 831 3634 scelestissimi
842 3599 902 3634 cura
912 3585 964 3634 illis
980 3600 1059 3650 neque
1069 3615 1086 3622 -
1098 3601 1197 3652 sperem
1209 3603 1269 3638 con—

210 3653 343 3716 ungenda
358 3671 414 3705 esre
431 3657 550 3704 senserat
568 3653 588 3702 Ι.
603 3653 705 3710 Doacsar
719 3655 822 3702 traiecit
839 3653 916 3702 cerba
932 3652 982 3702 nisi
993 3681 1010 3690 -
1026 3654 1199 3704 scelestissimi
1209 3660 1268 3723 port

211 3733 310 3784 sperem
324 3725 350 3770 et
367 3722 468 3786 egregia
481 3749 499 3758 -
512 3720 598 3770 futura
612 3729 651 3771 cst
666 3725 725 3786 post
740 3721 845 3770 verbum
858 3721 971 3770 occident
989 3737 1016 3786 p.
1029 3721 1091 3785 121,
1103 3722 1120 3771 6
1138 3722 1268 3789 Heremias

213 3786 279 3838 Mus.
292 3787 339 3838 no.
360 3789 405 3838 col.
421 3789 447 3839 Χ
456 3805 482 3854 p.
495 3788 602 3852 467sqq.
619 3791 783 3840 retinuerunt
798 3787 914 3838 arderem
930 3789 1065 3840 verborum
1081 3794 1111 3838 ut
1128 3795 1167 3840 est
1183 3794 1209 3840 in
1226 3806 1268 3840 co-

210 3853 264 3906 diee
281 3854 377 3920 Aldus,
389 3859 434 3920 qui
448 3855 495 3905 tibi
511 3863 630 3920 perpetua
647 3871 708 3922 pace
725 3855 775 3906 lrui
791 3855 894 3921 liceret,
910 3860 936 3906 at
952 3855 1128 3906 Mommseaus
1139 3861 1199 3908 Aet.
1215 3874 1267 3910 soc.

210 3919 309 3974 Sumen.
321 3939 345 3972 a.
358 3924 426 3973 1854
437 3940 464 3989 p.
477 3921 528 3972 153
539 3924 616 3987 quisi
627 3922 705 3972 Roma
722 3939 766 3974 nos
779 3923 934 3990 oppresserit
950 3928 1111 3976 coniecerunt
1124 3923 1133 3992 d
1146 3927 1162 3976 d
1180 3942 1268 3992 parum

209 3990 302 4052 Aldus,
314 4007 400 4042 rarum
414 3991 442 4044 V
452 3989 490 4056 118
508 3991 620 4056 accepiet
633 3991 662 4042 V
672 3989 681 4058 ΙΙ
698 3991 722 4040 ll
745 3991 918 4041 curationibus
934 4007 970 4042 em
987 3993 1154 4044 eumtionibus
1167 3995 1196 4045 V
1211 3991 1221 4062 ΙΙ
1236 3995 1267 4044 18

211 4058 298 4124 pilippi
311 4059 339 4110 V
354 4057 409 4126 1120
427 4059 562 4110 Eumenem
574 4059 716 4121 Arulenus,
728 4074 784 4109 eum
797 4075 827 4109 en
841 4059 869 4110 V
879 4057 889 4127 ΙΙ
903 4059 935 4109 23
953 4058 1054 4111 elliccre
1067 4061 1097 4111 V
1106 4065 1135 4126 tt)
