2846 4682
241 377 281 442 30
320 333 325 340 Ι
595 375 808 430 ι(1811111811
826 377 927 430 cursrl

238 533 296 593 bus
313 529 586 598 animadvertebant
598 530 630 591 15
645 531 728 605 citis,
747 533 783 593 de
799 533 1002 595 condemnatis
1014 552 1167 595 summum
1181 535 1297 614 suppli·

184 628 218 678 15
239 617 319 678 cium
337 616 503 677 sumebant.
536 623 693 696 postquam
710 636 761 678 res
779 617 895 696 publica
916 618 1040 680 adolevit
1060 627 1090 680 et
1109 619 1298 690 multitudiue

238 701 346 764 ciuium
362 701 503 762 lectiones
518 701 647 788 valuere,
664 703 868 765 circumveniri
881 703 1066 777 1555555555,
1088 705 1141 766 5115
1156 705 1297 767 huiusce·

239 787 319 848 medi
338 787 402 847 lieri
424 804 561 865 coepere,
582 793 648 847 tum
668 787 714 848 lex
729 787 831 849 Porcia
846 788 975 868 aliaeque
990 789 1067 870 leges
1082 798 1200 870 paratae
1215 798 1294 864 sunt,

183 885 214 934 41
238 872 347 952 quibus
359 871 472 950 legibus
485 872 606 933 exilium
621 873 766 934 damnatis
785 875 961 952 permissum
977 883 1032 936 est.
1063 876 1138 936 hanc
1153 893 1207 954 ege
1221 895 1292 936 eau-
1317 888 1335 936 5

237 975 316 1029 sam,
336 965 434 1036 patres
454 957 626 1036 conscripti,
648 976 707 1036 quo
728 957 827 1018 minus
846 977 955 1020 nevum
974 960 1129 1022 consilium
1146 961 1295 1040 capiamus

183 1055 218 1106 42
238 1042 391 1122 inprimis
411 1059 547 1122 magnam
566 1049 649 1121 puto.
679 1043 810 1120 profecte
830 1043 922 1104 virtus
942 1052 1030 1125 atque
1045 1046 1188 1124 sapientia
1202 1047 1298 1106 maier

237 1127 293 1188 illis
307 1127 379 1200 fuit,
401 1127 452 1206 qui
466 1147 502 1187 en
516 1127 611 1206 paru's
627 1127 731 1206 opibus
745 1135 862 1190 tantum
877 1129 1035 1208 imperium
1049 1131 1146 1192 fecere
1160 1149 1250 1210 quam
1265 1131 1297 1192 in

183 1229 216 1280 43
236 1213 331 1286 551515,
348 1213 398 1291 qui
413 1231 447 1272 55
461 1212 536 1272 bene
550 1219 632 1291 parta
647 1213 694 1274 uix
708 1213 878 1276 retinemus.
909 1215 1004 1294 placet
1018 1215 1106 1294 igitur
1119 1236 1171 1278 555
1186 1217 1296 1276 dimitti

112 1359 114 1368 ,
237 1305 267 1359 et
286 1297 384 1376 augeri
398 1297 558 1358 exercitum
574 1296 738 1358 Catitinaei
767 1299 909 1360 minume.
940 1301 992 1360 scd
1007 1301 1047 1362 ita
1062 1319 1181 1374 censeo,
1197 1302 1295 1381 publi·
1319 1314 1354 1364 10

169 1433 175 1442 ,
237 1383 344 1444 candas
354 1399 458 1444 aarum
470 1381 618 1462 pecunias,
634 1383 714 1462 ipsos
724 1383 756 1444 in
766 1385 888 1448 vinculis
899 1385 1050 1447 habendes
1061 1405 1115 1466 per
1126 1383 1294 1466 municipia,

237 1487 312 1548 quae
326 1486 464 1528 maxume
481 1467 586 1547 opibus
600 1468 712 1540 ualent,
727 1487 787 1530 neu
801 1470 868 1548 quis
882 1471 918 1530 de
933 1471 975 1531 eis
988 1480 1090 1550 postea
1106 1473 1141 1532 ad
1159 1480 1297 1534 senatum

236 1554 343 1614 referat
357 1571 430 1613 neve
446 1572 513 1614 cum
528 1553 638 1632 popule
654 1561 728 1632 agat.
752 1555 801 1632 qui
813 1555 896 1616 aliter
905 1556 1017 1628 lecerit,
1034 1564 1170 1618 senatum
1182 1557 1258 1618 exist
1279 1592 1296 1601 -

236 1657 317 1700 mare
332 1657 402 1699 eum
417 1646 519 1700 centra
534 1639 759 1718 rempublicam
774 1647 804 1699 et
818 1641 943 1703 salutem
959 1641 1092 1702 emnium
1106 1633 1273 1704 iacturum?

178 1725 219 1784 52
322 1723 485 1803 Postquam
501 1725 606 1785 Caesar
620 1725 738 1790 dicundi
753 1725 842 1786 linem
857 1727 938 1798 lecit,
955 1729 1043 1787 ceteri
1057 1727 1144 1788 verbe
1159 1729 1233 1788 alius
1247 1728 1296 1788 alii
1319 1737 1352 1788 15

234 1809 313 1870 varic
337 1809 585 1870 adsentiebantur.
620 1817 654 1870 at
678 1809 715 1870 M.
738 1809 862 1872 Porcius
882 1812 953 1874 Cato
979 1819 1099 1892 regatus
1118 1813 1296 1876 sententiam

235 1893 440 1956 huiuscemodi
455 1895 617 1958 orationem
631 1895 743 1956 babuit.

131 1972 133 1990 '
149 2001 152 2016 ¹
199 1989 215 2038 2
318 1969 523 2058 ί1553555111
539 1980 593 2040 alia
609 1998 694 2042 mens
705 1989 759 2053 est,
775 1989 873 2060 patres
885 1982 1051 2061 conscripti,
1068 2001 1137 2042 cum
1148 2001 1197 2042 res
1208 1990 1297 2061 atque

236 2062 364 2142 pericula
382 2071 485 2124 ndstra
499 2065 653 2126 considere
674 2074 703 2126 et
723 2085 791 2126 cum
806 2067 967 2128 sententias
981 2085 1042 2146 non
1061 2067 1211 2128 nullorum
1232 2068 1296 2147 ipse

200 2160 215 2210 3
237 2154 356 2210 mecum
374 2157 489 2228 reputo.
519 2149 559 2209 illi
579 2150 652 2210 mibi
675 2150 849 2211 disseruisse
866 2151 1003 2212 videntur
1017 2153 1052 2212 de
1068 2169 1162 2232 poena
1177 2171 1292 2226 eorum,
1315 2163 1352 2214 20

237 2233 288 2312 qui
317 2234 428 2312 patriae
453 2234 624 2312 parentibus
650 2235 708 2298 eris
728 2244 815 2314 atque
834 2235 908 2298 15515
932 2237 993 2297 5515
1013 2237 1123 2298 bellum
1144 2256 1292 2317 paravere.

235 2336 284 2378 res
304 2325 402 2379 autem
423 2328 528 2380 menet
546 2337 648 2380 cavere
666 2320 701 2380 ab
721 2321 778 2382 11115
798 2322 892 2398 magis
911 2339 1000 2400 quam
1020 2322 1089 2401 quid
1105 2323 1215 2384 1511155
1231 2331 1293 2384 sta-

199 2419 215 2466 4
235 2411 355 2464 ruamus
374 2404 550 2466 consultare.
585 2422 654 2466 nam
674 2412 769 2466 cetera
788 2405 922 2468 malificia
941 2417 1006 2468 tum
1025 2425 1214 2488 persequare,
1241 2407 1293 2468 ubi

236 2488 313 2548 lacta
328 2499 414 2561 sunt,
429 2489 485 2550 lmc
499 2489 557 2549 uisi
572 2489 734 2568 provideris
748 2508 787 2550 55
801 2492 919 2563 accidat,
934 2493 985 2553 ubi
1000 2493 1104 2566 evenit,
1121 2497 1230 2556 frustra
1243 2493 1292 2552 iu·

200 2587 215 2636 a
237 2573 309 2634 dicia
329 2573 473 2654 inplores:
495 2582 578 2653 capta
598 2575 671 2635 urbe
691 2575 763 2637 nihil
777 2577 811 2636 lit
824 2577 929 2656 reliqui
945 2577 1037 2638 victis,
1067 2579 1134 2651 sed,
1154 2578 1292 2659 perdens
1313 2589 1349 2638 25

236 2659 415 2730 inmortalis,
436 2678 489 2720 vus
511 2677 565 2737 ege
586 2660 716 2740 appello,
738 2661 789 2742 qui
803 2680 922 2742 semper
936 2663 1042 2724 dumus
1057 2663 1137 2724 villas
1152 2663 1234 2742 signa
1248 2671 1293 2724 ta·
1411 2669 1412 2728 l

235 2744 319 2805 bulas
339 2753 453 2805 rostras
471 2745 562 2824 pluris
583 2763 671 2824 quam
690 2764 753 2806 rem
774 2747 920 2828 publicam
936 2749 1061 2810 fecistis:
1082 2749 1108 2809 51
1122 2749 1178 2810 ista
1194 2749 1295 2809 cuius-

235 2847 362 2908 cumque
381 2829 462 2890 modi
482 2838 552 2890 suut
572 2847 648 2910 quae
667 2831 873 2910 amplexamini
892 2833 1032 2906 retinere,
1053 2833 1078 2892 si
1096 2833 1295 2911 voluptatibus

235 2914 342 2978 vostris
357 2915 453 2976 etium
467 2914 607 2994 praebere
619 2915 715 2996 vultis,
732 2918 964 2996 expergiscimini
978 2917 1135 2996 aliquande
1147 2927 1176 2975 et
1190 2933 1293 2993 capes·

200 3013 215 3061 5
236 2999 292 3060 site
310 3017 375 3060 rem
394 3000 551 3078 publicam.
580 3019 641 3061 555
661 3001 755 3078 agitur
775 3003 811 3060 de
832 3001 1017 3080 uectigalibus
1031 3018 1127 3078 neque
1143 2999 1179 3060 de
1193 2998 1292 3060 55515-
1314 3010 1352 3062 35

201 3095 214 3145 t
237 3101 304 3146 rum
324 3084 454 3144 iniuriis:
474 3084 594 3146 libertas
615 3093 644 3146 et
665 3085 763 3146 anima
783 3093 883 3144 nostra
898 3086 929 3144 15
944 3085 1032 3145 dubio
1048 3094 1100 3144 est.
1133 3103 1219 3163 saepe
1233 3101 1291 3144 nu-

236 3186 335 3241 mere,
356 3178 454 3248 patres
473 3171 645 3249 conscripti,
665 3170 765 3254 multa¹
777 3170 862 3230 verba
883 3169 914 3229 in
927 3169 985 3230 boc
999 3169 1100 3230 ordine
1115 3170 1185 3242 1551,
1207 3187 1293 3248 saepe

237 3254 274 3314 de
295 3253 409 3314 luxuria
429 3263 517 3334 atque
537 3256 656 3317 55551115
675 3263 845 3316 nestrorum
861 3255 966 3316 civium
982 3262 1104 3333 questus
1119 3273 1196 3328 sum,
1212 3255 1292 3315 mul·

201 3351 216 3402 8
237 3347 343 3420 busque
358 3341 490 3402 mortalis
505 3361 540 3401 ea
555 3359 642 3402 eausa
656 3340 797 3402 advorsos
811 3340 921 3400 babeo:
938 3339 988 3418 qui
1002 3339 1076 3400 mihi
1091 3348 1179 3420 atque
1193 3341 1293 3401 anime

201 3482 202 3486 ,
236 3443 306 3486 meu
323 3425 431 3486 5511155
445 3445 592 3506 umquam
609 3425 706 3486 delicti
720 3425 842 3505 gratiam
858 3425 1007 3498 iecissem,
1027 3425 1106 3486 haud
1121 3426 1204 3488 155115
1219 3429 1293 3486 alte·
1312 3433 1347 3484 35

200 3526 215 3574 9
236 3510 298 3570 rius
320 3510 444 3570 lubidini
464 3512 614 3572 malefacta
634 3511 845 3574 condonabam.
880 3511 931 3572 sed
950 3529 984 3572 ea
1004 3512 1120 3572 tametsi
1141 3531 1192 3572 vos
1212 3511 1293 3590 parvi

235 3595 415 3675 pendebatis,
430 3605 530 3657 tamen
544 3615 591 3657 res
606 3597 721 3676 publica
735 3597 819 3658 firma
834 3604 905 3668 erat,
924 3596 1071 3676 opulentia
1082 3597 1291 3676 neglegentiam

307 3779 319 3828 1
333 3779 481 3829 15555515
494 3777 538 3846 Pfl
551 3779 567 3828 3
579 3780 757 3831 circumueniri
770 3781 804 3843 V,
817 3781 1000 3832 circumuenire
1011 3779 1075 3847 101
1088 3784 1103 3832 5
1116 3797 1148 3832 ex
1160 3781 1293 3830 5555111555
1411 3767 1412 3856 1

239 3845 357 3914 1111555
373 3861 419 3910 ego
432 3847 487 3908 PC,
503 3863 550 3909 ego
562 3848 626 3898 bunc
639 3848 688 3899 VC
698 3845 736 3914 118
753 3849 805 3898 11115
818 3849 896 3912 PVC,
909 3849 999 3900 inillis
1013 3846 1053 3916 01
1068 3850 1098 3898 12
1115 3866 1163 3899 555
1175 3849 1229 3914 quis
1242 3847 1293 3910 PC,

238 3927 270 3966 55
284 3915 340 3981 quis
355 3919 413 3982 ptr.
423 3917 455 3978 s.)
467 3914 495 3965 V
494 3913 535 3982 01
552 3914 581 3964 18
597 3917 660 3966 mibi
672 3917 720 3966 5115
734 3915 789 3978 PC,
806 3917 856 3966 ulia
868 3917 928 3966 mihi
941 3917 979 3980 V,
995 3916 1102 3984 Seruius
1113 3916 1249 3968 Fuldenris
1265 3919 1293 3966 15
1325 3943 1328 3957 ι

239 3984 267 4034 V
265 4000 321 4050 erg.
333 3982 478 4048 Aen.1,13
490 3979 502 4048 1
514 3983 545 4033 lu
558 3982 596 4031 illi
608 4000 643 4034 ere
654 3985 699 4033 1115
708 3985 732 4034 Ρ
743 3983 752 4050 1
765 3984 917 4035 disseruisse
929 4001 965 4034 aar
976 3985 1121 4034 deseruisse
1132 3988 1155 4036 Ρ
1167 3985 1176 4050 1
1191 3989 1221 4033 11
1233 3991 1292 4034 tunc

237 4049 282 4119 Ρ1
296 4052 326 4100 ld
339 4067 385 4102 uos
398 4067 444 4116 ege
457 4049 536 4114 PVC,
548 4065 595 4116 ege
606 4067 653 4101 nus
667 4049 708 4119 01
722 4053 751 4100 11
765 4051 815 4102 isba
828 4051 878 4114 ΡΟ,
890 4053 926 4104 ita
939 4051 1009 4120 VC!
1021 4053 1052 4102 31
1065 4051 1133 4102 dibio
1145 4069 1181 4102 ex
1192 4052 1259 4102 dibie
1270 4054 1295 4103 Ρ

236 4119 288 4186 135
300 4120 388 4170 delicti
400 4140 465 4168 uu
477 4121 583 4186 gratiam
597 4121 620 4171 Ρ
631 4119 640 4186 1
654 4120 684 4169 31
698 4119 842 4186 ponderatis
855 4119 884 4171 V
