2854 4678
244 348 304 408 142
574 343 706 397 ldcuurl
726 344 771 394 Au
790 343 969 400 CAESAREM

206 510 221 559 2
242 517 346 578 genere
370 499 489 558 futurus
508 498 556 559 sit,
592 517 625 559 ea
645 498 718 558 mibi
738 498 837 558 omnia
858 497 1018 574 generatim
1041 498 1198 558 discribere
1219 499 1298 560 baud

242 583 360 644 difficile
377 583 457 642 factu
475 582 546 656 fuit,
565 584 617 644 sed
638 582 719 660 prius
741 581 933 642 laborandum
952 581 1048 642 visum
1067 590 1113 642 est
1131 583 1167 642 de
1182 601 1300 644 summa

242 667 363 738 consilii,
377 665 465 744 idque
478 666 532 728 tibi
546 667 731 746 probandum
745 683 847 728 verum
863 685 937 730 esse.
963 666 989 726 si
1003 666 1060 728 hoc
1074 667 1176 728 itinere
1190 667 1235 727 uti
1247 667 1300 726 de·

207 763 222 812 3
243 750 384 824 creveris,
404 759 501 812 cetero
520 751 551 812 in
571 759 710 830 promptu
733 758 828 812 erunt.
859 751 925 811 volo
946 769 1000 828 ego
1023 751 1178 812 consilium
1197 769 1300 811 meum

241 835 371 916 prudens
382 853 579 915 maxumeque
589 835 657 898 usui
668 853 742 896 esse.
765 851 835 896 nem
845 835 1023 914 ubicumque
1035 833 1146 896 tibires
1157 853 1298 914 prospere
1320 847 1334 894 5

205 930 222 980 4
243 921 342 993 cedet,
368 921 408 982 ibi
429 921 503 982 mihi
521 921 599 981 bone
617 920 695 982 lamo
714 919 837 980 eveniet.
873 919 924 980 sed
944 937 992 980 me
1012 918 1060 980 illa
1081 919 1173 998 magis
1192 919 1300 998 cupido

242 1013 372 1078 exercet,
392 1012 427 1066 ut
441 1023 629 1084 quocumque
643 1005 732 1064 modo
748 1021 837 1084 qnam
852 1004 980 1082 primum
993 1021 1040 1064 res
1055 1003 1170 1082 publice
1185 1003 1300 1066 adiute-

206 1097 221 1146 5
242 1095 300 1152 tur.
330 1089 495 1152 libertatem
509 1089 598 1168 gloria
613 1088 756 1150 cariorem
770 1088 880 1160 habeo,
896 1096 983 1167 atque
997 1106 1050 1166 ego
1065 1093 1095 1152 to
1111 1105 1163 1149 oro
1178 1087 1300 1148 hortor-

243 1192 300 1253 que
319 1191 356 1236 ne
377 1175 566 1236 clarissumus
586 1173 747 1252 imperator
762 1173 868 1234 Gallica
888 1181 973 1251 gente
988 1172 1107 1256 subacta
1121 1172 1223 1251 populi
1237 1172 1299 1233 Ro-

242 1258 323 1320 mani
344 1276 496 1320 summum
516 1265 602 1334 atque
617 1257 758 1317 invictum
773 1257 930 1336 imperium
944 1256 1093 1318 tabescere
1108 1263 1251 1318 vetustate
1266 1273 1300 1317 ac
1324 1267 1352 1314 ro

206 1351 222 1399 o
242 1360 295 1420 per
314 1359 462 1402 summam
476 1341 641 1402 socordiam
662 1341 748 1402 dilabi
762 1341 889 1420 patiaris.
919 1340 1067 1420 profecto,
1093 1341 1119 1402 si
1133 1341 1162 1401 id
1177 1339 1299 1411 accidat,

242 1442 338 1503 nequo
352 1425 405 1488 tibi
419 1443 478 1486 nox
492 1442 587 1504 neque
603 1425 664 1488 dies
679 1443 779 1486 curam
791 1425 881 1486 animi
892 1425 1044 1496 sedaverit,
1061 1425 1133 1504 quin
1144 1424 1300 1485 insomniis

207 1519 221 1568 7
242 1509 397 1582 exercitus,
412 1509 588 1572 furibundus
603 1516 690 1587 atque
704 1527 807 1570 amens
821 1509 944 1570 obeunte
958 1516 1057 1570 mente
1072 1509 1183 1570 teraris.
1213 1525 1299 1570 nam·

243 1611 300 1671 que
319 1593 393 1654 mihi
407 1610 461 1672 pro
476 1611 545 1654 vero
560 1600 676 1656 constat
690 1594 824 1658 omnium
840 1593 1008 1654 mortalium
1023 1594 1112 1654 vitam
1128 1592 1226 1654 divino
1241 1610 1299 1653 nu-

242 1677 322 1738 mine
342 1677 477 1750 invisier3
496 1695 592 1756 neque
612 1677 724 1738 bonum
739 1695 835 1756 neque
849 1679 961 1738 malum
975 1677 1088 1740 lacinus
1104 1677 1300 1756 quoiusquam
1323 1689 1351 1738 15

241 1780 295 1840 pro
310 1761 402 1822 nihilo
417 1761 527 1833 haberi,
543 1761 595 1822 sed
609 1780 644 1822 ex
658 1769 763 1822 natura
777 1761 893 1824 divorsa
903 1762 1032 1840 praemia
1043 1762 1136 1822 bonos
1149 1762 1300 1840 malosque

206 1856 222 1906 8
242 1845 335 1925 sequi.
361 1846 472 1908 interea
483 1846 508 1906 si
518 1845 594 1908 forte
606 1864 640 1906 ea
651 1845 762 1906 tardius
773 1846 946 1925 procedunt,
961 1864 1033 1908 suus
1045 1845 1172 1926 quoique
1184 1846 1300 1906 ammius

243 1948 279 1990 ex
293 1931 471 1992 conscientia
485 1949 571 2008 spem
585 1929 713 2008 praebet.

183 2013 222 2075 18
329 2013 440 2086 Quodsi
459 2023 559 2074 tecum
578 2014 671 2092 patria
686 2021 773 2092 atque
788 2021 925 2092 parentes
939 2020 1061 2092 possent
1074 2013 1169 2092 loqui,
1190 2013 1300 2074 seilicet

242 2097 314 2158 haec
328 2097 381 2158 tibi
396 2098 534 2158 dicerent.
565 2117 583 2158 o
598 2098 716 2169 Caesar,
732 2115 788 2158 nos
802 2106 832 2158 te
847 2098 1002 2176 genuimus
1016 2097 1170 2158 fortissimi
1184 2097 1252 2169 viri,
1268 2097 1299 2157 in
1321 2109 1350 2157 to

244 2182 354 2259 optima
378 2182 465 2254 urbe,
493 2182 581 2242 decus
606 2181 842 2260 praesidiumque
867 2181 965 2254 nobis,
990 2182 1125 2244 hostibus
1144 2189 1299 2243 terrorem.

207 2276 222 2326 2
245 2283 318 2343 quae
338 2265 438 2326 multis
459 2257 606 2325 laboribus
626 2273 656 2326 et
676 2265 811 2344 periculis
833 2285 1020 2345 ceperamus,
1042 2285 1076 2328 ea
1097 2266 1148 2326 tibi
1167 2266 1300 2328 nascenti

244 2367 312 2410 cum
333 2349 429 2410 anima
444 2349 533 2410 simul
546 2349 734 2420 tradidimus
755 2350 878 2427 patriam
894 2369 1063 2412 maxrunam
1077 2351 1109 2410 in
1123 2351 1223 2422 terrio,
1246 2351 1301 2410 do-

244 2451 327 2494 mum
346 2433 547 2512 familiamque
567 2433 597 2493 in
618 2434 710 2512 patria
730 2434 934 2508 clarissimam,
954 2443 1104 2514 praeterea
1121 2435 1214 2496 bonas
1229 2433 1300 2494 artis

242 2518 384 2580 honestas
404 2518 532 2589 divitias,
553 2525 705 2596 postremo
726 2519 823 2582 omnia
838 2519 1062 2580 honestamenta
1076 2519 1154 2597 pacis
1169 2525 1199 2580 et
1213 2537 1299 2598 prae-
1320 2527 1349 2576 aa

207 2613 222 2662 3
243 2601 302 2662 mia
316 2602 392 2664 belli.
418 2621 472 2681 pro
487 2602 522 2662 iis
537 2602 723 2680 amplissimis
738 2602 885 2664 beneficiis
899 2620 960 2664 non
974 2603 1116 2681 llagitium
1130 2622 1147 2662 a
1161 2609 1299 2682 teneque

243 2687 355 2748 malum
374 2687 486 2747 facinus
505 2685 648 2764 petimus,
669 2687 719 2746 sed
741 2687 801 2757 utei
821 2687 985 2748 libertatem
1002 2704 1133 2748 eversam
1153 2688 1298 2748 restituas.

207 2782 224 2831 4
244 2788 302 2848 qua
317 2787 349 2830 re
365 2777 478 2848 patrata
491 2770 624 2848 prolecto
639 2778 808 2848 pergentes
824 2789 927 2832 omnes
941 2771 1019 2832 lema
1034 2771 1147 2832 virtutis
1161 2779 1229 2832 tuae
1246 2791 1300 2832 vc-

207 2867 222 2914 s
243 2853 346 2916 litabit.
376 2871 503 2932 namque
524 2855 579 2914 hac
597 2862 771 2933 tempestate
789 2855 907 2916 tametsi
925 2855 1005 2916 domi
1021 2855 1199 2934 militiaeque
1214 2873 1299 2934 prae-

244 2937 321 2998 clara
340 2937 470 2998 facinora
488 2937 587 3015 egisti,
607 2945 707 2998 umen
722 2938 814 3016 gloria
827 2946 878 2998 tua
893 2957 960 3000 cum
976 2939 1076 3000 multis
1091 2939 1160 2998 viris
1174 2939 1300 3000 fortibus
1320 2959 1349 3008 30

244 3021 373 3098 aequalis
388 3029 442 3082 est.
473 3021 498 3080 si
513 3039 581 3080 vero
595 3022 700 3082 urbem
715 3022 894 3100 amplissimo
909 3023 1028 3104 nomine
1042 3030 1072 3082 et
1087 3041 1227 3086 maxumo
1243 3025 1299 3085 irn-

243 3103 325 3182 perio
340 3121 431 3184 prope
447 3103 504 3164 iom
520 3104 555 3164 ab
571 3124 675 3166 occasu
689 3106 860 3179 restitueris,
877 3107 942 3185 quis
957 3115 986 3166 te
1002 3106 1114 3179 clarior,
1131 3108 1196 3186 quis
1207 3109 1301 3170 maior

207 3202 223 3252 6
244 3187 374 3249 interris
388 3183 499 3250 fuerit?
513 3187 621 3267 quippe
635 3189 660 3248 si
675 3189 779 3249 morbo
794 3189 853 3250 iam
868 3199 919 3252 aut
929 3192 988 3254 lato
1000 3191 1068 3252 huic
1079 3191 1203 3270 imperio
1215 3211 1300 3252 secus

243 3271 368 3346 accidat,
390 3273 435 3334 eui
455 3272 577 3334 dubium
597 3280 642 3333 est
662 3273 734 3351 quin
748 3291 801 3352 per
815 3274 918 3336 orbem
931 3283 1077 3336 terrarum
1092 3276 1211 3336 vastitas
1226 3276 1301 3336 bella

243 3357 344 3418 caedes
357 3353 626 3435 orianturtquodsi
636 3357 690 3418 tibi
700 3357 778 3418 bona
789 3357 887 3419 lubido
898 3359 988 3426 fuerit
997 3359 1106 3438 patriae
1114 3360 1300 3438 parentibus
1321 3375 1349 3423 35
1408 3391 1409 3414 o

244 3459 301 3520 que
321 3441 514 3520 gratificandi,
535 3449 712 3520 posteroque
732 3449 866 3520 tempore
886 3461 918 3504 re
932 3442 1047 3522 publica
1061 3443 1197 3505 restituta
1211 3461 1300 3522 super
1408 3475 1409 3496 ι

244 3527 340 3588 omnis
356 3525 487 3587 mortalis
501 3525 591 3604 gloria
606 3525 726 3604 agitabis
737 3533 847 3605 tuaque
858 3527 945 3588 unius
957 3545 1037 3591 mors
1049 3527 1109 3590 vita
1119 3528 1223 3590 clarior
1233 3528 1298 3589 erit.

313 3708 328 3758 2
346 3705 415 3764 lacti
427 3707 456 3759 V
465 3706 476 3776 fl
490 3708 521 3758 16
539 3709 641 3770 diuersa
652 3693 744 3774 Jdldue,
756 3708 837 3762 diuisa
848 3709 877 3760 V
883 3709 892 3776 ll
903 3710 931 3758 ll
951 3711 974 3760 si
986 3712 1059 3761 inette
1071 3726 1137 3762 coro.
1147 3726 1230 3778 paone
1242 3726 1299 3762 ooa-
1407 3721 1408 3736 ¹

244 3777 302 3825 nuit
317 3777 344 3824 in
357 3773 395 3837 V,
412 3790 460 3825 om.
477 3774 601 3826 editiones
620 3775 628 3842 ll
644 3777 675 3826 35
694 3777 887 3842 parentibusque
904 3776 943 3840 V,
963 3793 1010 3844 que
1033 3792 1082 3827 om
1099 3776 1224 3828 eddioueo
1235 3777 1300 3896 νδ

244 3849 346 3909 postero
358 3857 454 3908 quoquc
469 3841 578 3904 Orelliuc
589 3841 599 3922 ΙΙ
612 3843 642 3893 37
662 3843 743 3908 glorie
755 3843 863 3908 agitabis
875 3847 970 3912 seipsi
979 3844 1046 3896 Mus.
1058 3844 1138 3898 Hben.
1151 3845 1197 3895 vol.
1209 3845 1234 3896 Χ
1261 3845 1302 3896 ΙΙΙ

241 3925 268 3977 p.
278 3909 379 3976 usosq,
392 3909 474 3973 glorii
485 3929 497 3957 s
507 3910 600 3974 agitabr
612 3911 617 3978 l
633 3913 708 3970 (erae.
722 3915 754 3976 m)
766 3911 799 3974 V,
811 3915 929 3963 ooetremo
942 3911 1066 3964 commuto
1078 3917 1238 3969 occeperunt
1249 3927 1300 3962 wau

244 3976 340 4028 wuovo
351 3977 464 4042 rutero,
476 3977 578 4028 litterae
589 3979 622 4044 bi,
635 3995 698 4044 quoe
709 3979 768 4030 olim
780 3984 853 4030 carto
864 3984 992 4032 contectae
1004 3980 1080 4046 suoru
1086 3984 1122 4043 ut,
1135 3985 1221 4032 cortem
1232 3983 1301 4044 suut,

244 4045 312 4108 agita
323 4062 345 4110 z,
357 4045 442 4108 agnitu
453 4045 493 4094 uel
502 4060 591 4109 magna
603 4046 747 4110 edebaturll
761 4047 792 4096 ³7
809 4049 926 4113 fortasse
939 4049 992 4098 uita
1004 4048 1140 4098 multorum
