2854 4678
222 344 277 404 131
550 339 682 391 {Nonum
699 339 743 390 ΑΒ
763 339 939 391 CAESAREM

217 493 264 565 sit,
284 492 458 572 praesertim
477 492 502 552 is
524 491 626 570 quise
648 491 679 554 iu
698 492 970 554 victoria'licentius
990 490 1169 570 liberiusque
1183 499 1275 571 quam

217 577 307 638 artius
325 577 441 638 lutmos
456 575 621 640 eredebant.
650 594 779 654 quorum
795 577 820 638 si
834 576 920 638 saluti
934 575 1031 654 potius
1046 592 1136 656 quam
1150 575 1275 656 lubidini

218 661 367 731 consules,
387 659 511 738 illosque
526 677 640 737 nosque
655 668 683 719 et
696 661 792 721 socios
807 661 837 721 111
851 679 921 739 paoe
936 660 1021 722 firma
1035 659 1213 722 constitues:
1229 660 1276 720 sin

218 745 320 810 eadem
335 744 430 809 studia
450 752 586 823 artesque
607 744 751 808 iuventuti
770 753 867 816 eruut,
883 763 921 804 ne
936 743 991 803 ista
1005 743 1116 822 egregia
1130 750 1182 806 tua
1195 745 1275 808 lama

181 841 196 890 2
218 828 306 890 simul
325 846 393 892 eum
407 828 480 894 urhe
495 829 589 892 Reme
604 827 684 888 brevi
698 829 839 890 concidet.
865 835 1018 908 postremo
1034 827 1180 905 sapientes
1194 828 1275 906 pacis
1296 844 1312 891 a

218 931 304 972 causa
316 912 427 980 bellum
441 919 560 991 gerunt,
577 912 706 975 lahorem
720 932 773 992 spe
788 912 840 974 otii
854 917 1028 974 sustentant.
1057 911 1208 976 1111111111
1223 913 1275 974 fir·-

182 1000 197 1048 3
218 1015 298 1058 mam
310 996 410 1067 efficis,
422 995 497 1056 vinci
509 1013 546 1056 an
558 995 660 1056 vicisse
671 995 742 1074 quid
753 993 875 1058 retulit?
889 1013 978 1075 quare
990 1011 1116 1072 capesse,
1128 996 1275 1074 perdens,

181 1087 198 1136 4
218 1099 281 1140 rem
295 1081 442 1158 publicam
456 1087 487 1140 et
502 1079 600 1142 omnia
615 1097 732 1158 aspera,
753 1081 797 1142 uti
811 1079 901 1152 soles,
917 1079 1052 1158 pervade.
1080 1095 1210 1158 namque
1225 1087 1277 1140 aut

218 1172 252 1226 tu
271 1165 382 1229 mederi
403 1171 487 1241 potes
506 1170 556 1225 aut
576 1163 738 1226 omittenda
755 1171 802 1225 est
821 1183 891 1226 cura
906 1163 1051 1225 omnihus.
1081 1178 1178 1240 neque
1193 1164 1275 1242 11111-

219 1266 308 1327 quam
323 1255 353 1310 te
368 1248 403 1308 ad
419 1247 542 1308 erudelis
557 1264 666 1324 poenas
681 1255 732 1308 aut
746 1249 848 1310 acerba
860 1247 964 1310 iudicia
975 1247 1098 1318 invocat,
1114 1248 1220 1324 quibus
1232 1248 1274 1308 ei-
1298 1259 1328 1310 lt

218 1333 291 1392 vitas
307 1338 436 1392 vastatur
450 1330 542 1408 magis
558 1349 647 1408 quam
663 1331 827 1410 corrigitur,
850 1333 901 1394 sed
916 1339 950 1392 ut
965 1349 1066 1410 pravas
1081 1332 1153 1392 artis
1166 1331 1276 1394 malas·

183 1423 196 1467 1
220 1433 276 1494 que
291 1414 425 1480 libidines
440 1414 476 1475 ab
491 1413 641 1474 iuventute
656 1415 820 1493 prohibeas.
848 1435 881 1478 ea
892 1430 960 1478 vera
970 1414 1124 1476 clementia
1135 1416 1192 1479 erit
1202 1433 1276 1476 con-

219 1497 352 1568 suluisse,
366 1515 405 1558 ne
420 1497 526 1558 merito
542 1498 617 1558 cives
633 1499 727 1576 patria
741 1500 964 1579 expellerentur,
980 1497 1135 1561 retinuisse
1150 1499 1187 1560 ab
1201 1501 1276 1562 stul-

218 1581 282 1642 titia
297 1589 327 1641 et
341 1579 421 1645 falsis
436 1582 642 1660 voluptatibus,
658 1601 762 1661 pacem
777 1593 806 1644 et
820 1584 1006 1646 concordiam
1017 1582 1199 1657 stabilivisse,
1215 1602 1277 1652 non
1417 1615 1418 1660 t

219 1665 243 1726 si
263 1665 367 1743 flagitis
388 1674 555 1744 opsecutus,
577 1665 682 1728 delicta
701 1686 1015 1748 perpessus-praesens
1029 1668 1168 1747 gaudium
1184 1686 1276 1748 quom
1299 1679 1330 1730 15

193 1767 289 1820 ⁴mox
302 1749 403 1812 futuro
418 1749 497 1813 malo
510 1751 698 1812 concesseris.
1030 1755 1032 1760 ’

178 1827 196 1888 7
304 1834 345 1894 Ac
364 1833 436 1894 mihi
456 1833 585 1906 animus,
607 1834 712 1912 quibus
732 1835 820 1896 rebus
839 1835 887 1896 alii
901 1835 1015 1905 timent,
1031 1852 1169 1896 maxume
1182 1835 1277 1896 fretus

220 1923 264 1976 est
283 1917 391 1995 negotii
405 1917 604 1995 magnitudine
621 1925 649 1977 et
665 1919 733 1996 quia
747 1919 800 1985 tihi
814 1927 909 1982 terrae
924 1926 953 1979 et
968 1918 1059 1980 maria
1074 1919 1162 1980 simul
1177 1921 1277 1982 omnia

219 2000 421 2078 componenda
435 2008 514 2062 sunt.
544 2001 651 2080 quippe
667 2021 714 2064 res
728 2021 831 2080 parvas
846 2010 962 2066 tautum
973 2003 1123 2081 ingenium
1135 2003 1276 2083 attingere

183 2089 198 2138 2
219 2083 362 2161 nequiret,
376 2101 497 2160 magnae
509 2102 594 2147 curae
606 2103 709 2164 magna
721 2105 833 2148 merces
845 2094 898 2146 est.
925 2086 1013 2165 igitur
1023 2085 1175 2165 provideas
1187 2106 1276 2168 opor·
1297 2099 1332 2149 ru

219 2174 279 2246 tet,
298 2167 342 2226 uti
362 2167 444 2246 pleps
463 2167 663 2245 largitionibus
679 2176 709 2229 et
724 2170 840 2251 publico
854 2170 1004 2232 frumento
1021 2177 1158 2250 corrupta
1172 2171 1278 2232 haheat

219 2250 333 2327 negotia
348 2267 415 2321 sua,
432 2251 538 2328 quibus
553 2251 588 2318 ab
603 2253 680 2316 malo
695 2253 811 2330 publico
827 2253 1009 2316 detineatur:
1026 2253 1161 2317 iuventus
1175 2256 1277 2334 probi·

183 2333 272 2392 atati
292 2339 322 2392 et
340 2333 513 2404 industriae,
535 2351 596 2394 non
617 2337 786 2414 sumptibus
806 2355 902 2416 neque
923 2337 1029 2398 divitiis
1050 2339 1173 2400 studeat
1192 2341 1223 2400 id
1237 2341 1277 2402 ita

220 2416 343 2488 eveniet,
359 2415 383 2484 si
398 2417 551 2496 pecuniae,
568 2436 641 2497 quae
657 2439 795 2482 maxuma
810 2422 944 2484 omnium
958 2422 1101 2500 pernicies
1117 2430 1171 2494 est,
1187 2442 1277 2487 usum

182 2507 200 2558 4
220 2507 308 2578 atque
328 2501 416 2562 decus
432 2501 601 2582 dempseris.
632 2521 701 2566 nam
716 2524 802 2584 saepe
817 2524 870 2584 ego
886 2524 976 2584 quom
990 2507 1088 2568 animo
1103 2525 1170 2568 meo
1184 2526 1275 2588 rapu·
1297 2523 1332 2574 25

219 2591 286 2646 tans
306 2585 412 2666 quihus
433 2587 557 2666 quisque
578 2587 666 2651 rebus
685 2589 755 2650 clari
774 2590 827 2650 viri
847 2589 1080 2667 magnitudinem
1097 2591 1278 2654 invenissent

221 2687 352 2748 quaeque
373 2687 421 2729 111
440 2671 565 2748 populos
585 2672 753 2734 rationesve
775 2673 888 2753 magnis
911 2674 1044 2736 auctibus
1058 2675 1222 2748 auxissent,
1244 2697 1278 2739 ac

185 2824 188 2833 ,
220 2752 324 2817 deinde
347 2753 452 2832 quibus
472 2755 565 2814 causis
585 2756 765 2836 amplissima
785 2773 873 2836 regna
891 2764 921 2818 et
940 2757 1062 2837 imperia
1082 2759 1278 2840 corruissent,

220 2835 324 2899 eadem
343 2854 460 2916 semper
478 2837 556 2916 bona
570 2845 657 2918 atque
672 2842 749 2900 mala
762 2841 957 2920 reperiebam,
977 2860 1138 2920 omnesque
1152 2843 1278 2906 victores

153 2991 157 2998 Ι
184 2930 199 2976 1
219 2919 333 2982 divitias
353 2921 564 3000 contempsisse
579 2929 607 2981 et
621 2925 713 2986 victos
728 2925 879 3004 cupivisse.
910 2933 1006 3004 neque
1021 2925 1105 2987 aliter
1120 2928 1277 3008 quisquam
1298 2947 1333 2997 ao

219 3004 358 3064 extollere
373 3022 436 3064 1111
451 3012 481 3064 et
495 3005 590 3074 divina
605 3009 736 3076 mortalis
751 3009 893 3087 attingere
904 3017 1010 3088 potest,
1026 3009 1083 3072 nisi
1095 3010 1212 3074 omissis
1223 3032 1277 3091 pe-

221 3087 322 3147 cuniae
336 3094 366 3150 et
380 3087 511 3165 corporis
524 3089 636 3166 gaudiis
651 3092 750 3153 auimo
765 3093 934 3171 indulgens,
955 3111 1015 3156 non
1029 3094 1208 3160 adsentando
1222 3115 1278 3158 ne·

222 3187 278 3248 que
293 3171 446 3248 concupita
461 3171 641 3249 praebendo,
658 3193 827 3253 pervorsam
842 3175 964 3258 gratiam
978 3178 1157 3256 gratificans,
1179 3181 1232 3244 sed
1247 3181 1278 3242 iu

220 3253 318 3316 labore
333 3253 473 3333 patientia
484 3254 628 3335 bonisque
639 3260 801 3338 praeceptis
813 3266 842 3320 et
851 3260 934 3321 laetis
945 3261 1071 3322 fortibus
1082 3263 1276 3328 exercitando.

178 3335 199 3394 8
305 3339 379 3400 Nam
394 3339 516 3400 domum
531 3347 582 3400 aut
596 3342 692 3406 villam
706 3351 866 3416 exstruere,
882 3362 946 3406 eam
961 3345 1051 3424 signis
1062 3347 1170 3414 aulaeis
1181 3349 1277 3410 111111-
1298 3366 1332 3416 ³5

221 3440 279 3500 que
300 3422 438 3502 operibus
458 3441 600 3501 exornare
621 3433 651 3488 et
671 3427 770 3498 omnia
788 3428 886 3506 potius
908 3447 996 3507 quam
1015 3437 1110 3492 semet
1124 3431 1278 3494 visendum

220 3505 346 3579 efficere,
361 3507 391 3566 id
406 3513 526 3570 estnon
541 3508 655 3572 divitias
670 3511 767 3572 decori
781 3511 903 3583 habere,
919 3513 971 3574 sed
985 3513 1082 3596 ipsum
1097 3514 1152 3578 illis
1168 3517 1277 3597 flagitio

221 3648 421 3668 -q—-......

237 3813 243 3826 ι
264 3813 270 3825 ι
292 3749 322 3798 13
331 3750 534 3818 meritquuod
543 3753 690 3808 (1111111111
700 3757 747 3822 (ed.
756 3757 863 3824 alteo)
872 3761 929 3811 iure
938 3764 1035 3825 tuetur,
1044 3762 1277 3832 immeritoAtdual

222 3829 285 3894 erprs
299 3815 327 3865 V
337 3814 347 3882 ΙΙ
362 3817 391 3867 15
404 3835 477 3900 quom
491 3821 525 3870 V:
537 3823 573 3891 σί.
582 3824 662 3942 lepra
673 3841 694 3876 c.
709 3826 731 3892 7,
743 3828 768 3890 4,
779 3829 864 3891 daque
875 3831 1032 3896 praepositio
1043 3832 1098 3880 acra*
1115 3834 1143 3882 ta
1153 3833 1180 3882 ia
1192 3830 1276 3912 codice

221 3879 394 3934 lbrtonarum
407 3885 436 3936 V
433 3889 533 3938 attcmro
541 3889 586 3939 col.
615 3927 622 3954 ,
678 3891 688 3959 ΙΙ
702 3893 838 4012 11ΞΙ1111111
851 3894 942 3956 Amce,
954 3911 1046 3961 prauus
1060 3897 1088 3948 V
1094 3846 1113 3964 1
1122 3896 1276 3965 2011111111

222 3947 267 4064 ξω
266 3947 325 4066 ”13⁵
343 3951 419 4002 decus
435 3954 578 4022 Arcturus,
596 3891 703 4010 lageas
757 3949 773 4026 ‘ss
795 3959 826 4010 27
850 3961 965 4024 auctibus
984 3963 1143 4027 ammaus,
1164 3965 1275 4017 auctori*
