2854 4678
512 360 555 412 ult
573 359 615 412 RE
634 357 771 414 PUBLICA
787 357 808 411 11
1108 357 1185 422 ·139

132 517 270 577 virtutem
285 515 388 594 inopes
404 519 554 593 ceperant:
569 513 598 574 id
614 514 685 575 adeo
699 513 778 576 haud
792 513 961 574 mirandum
975 518 1029 572 est.
1054 529 1124 572 nam
1138 509 1188 572 ubi
1209 519 1225 570 6

15 623 19 644 ·
130 600 226 662 bonus
241 599 417 660 deteriorem
432 598 537 659 divitiis
552 597 644 676 magis
655 597 766 658 clarum
778 597 928 676 magisque
939 603 1090 674 acceptum
1101 595 1187 668 videt,
1193 621 1203 662 ι,

130 684 228 764 primo
243 689 356 744 aestuat
367 682 518 761 multaque
530 682 560 742 in
570 690 688 760 pectore
698 683 801 744 volvit:
817 683 867 742 sed
880 677 931 742 tibi
942 681 1033 760 gloria
1043 681 1188 740 honorem

132 769 224 847 magis
245 768 275 828 in
295 767 370 840 dies,
391 769 530 828 amntem
546 767 693 845 opulentia
707 767 808 838 vincit,
829 767 944 826 animus
959 763 995 826 ad
1010 764 1189 844 voluptatem

98 869 111 916 a
133 871 233 912 avero
249 851 355 912 delicit.
382 851 489 930 quippe
505 852 594 929 gloria
609 851 753 912 industria
767 851 862 922 alitur,
878 851 929 911 ubi
940 867 1005 910 eam
1018 849 1188 928 dempseris,
1211 860 1224 906 t

132 938 194 1014 ipsa
208 954 307 1016 perse
321 935 412 996 virtus
427 953 525 996 amara
541 942 629 1013 atque
644 955 745 1014 aspera
760 943 813 995 est.
844 943 994 1014 postremo
1009 933 1060 994 ubi
1075 933 1191 995 divitiae
1212 942 1226 991 8

89 1027 91 1032 ’
132 1021 226 1082 clarae
242 1020 400 1091 habentur,
422 1019 462 1080 ibi
478 1019 576 1079 omnia
590 1020 667 1080 bona
680 1020 745 1080 tilia
759 1025 842 1090 sunt,
864 1019 935 1078 fides
950 1017 1079 1097 probitas
1094 1016 1190 1095 pudor

132 1103 279 1182 pudicitia.
310 1121 378 1164 uam
395 1103 430 1162 ad
445 1103 582 1163 virtutem
597 1103 641 1163 via
656 1105 746 1164 ardua
757 1109 815 1176 est,
837 1103 872 1163 ad
886 1101 1041 1182 pecuniam
1056 1118 1113 1180 qua
1128 1099 1191 1160 cui-
1211 1109 1227 1158 9

133 1207 191 1267 que
211 1189 296 1248 lubet
311 1189 430 1248 nititur:
455 1194 486 1246 et
507 1187 590 1247 malis
611 1187 744 1248 ethonis
766 1189 853 1248 rebus
874 1205 907 1247 ea
922 1193 1046 1247 creatur.
1076 1203 1144 1262 ergo
1159 1184 1191 1244 in
1211 1197 1241 1246 10

86 1287 116 1336 tu
133 1273 236 1352 primis
251 1271 453 1332 auctoritatem
467 1271 607 1350 pecuniae
623 1271 743 1332 demite.
772 1290 869 1350 neque
884 1272 920 1330 de
936 1271 1028 1348 capite
1041 1287 1138 1348 neque
1155 1269 1191 1328 de

133 1357 246 1417 honore
267 1375 303 1416 ex
325 1355 416 1434 copiis
436 1355 591 1434 quisquam
613 1357 703 1434 magis
722 1363 772 1416 aut
793 1357 890 1416 minus
910 1354 1094 1426 iudicaverit,
1116 1353 1192 1414 sicut

133 1458 231 1519 neque
254 1447 372 1518 praetor
396 1457 492 1518 neque
517 1440 619 1499 consul
644 1459 680 1500 ex
701 1439 849 1518 opulentia
875 1457 976 1499 verum
997 1457 1032 1498 ex
1054 1437 1192 1516 dignitate

134 1530 260 1585 creetur.
290 1524 341 1583 sed
361 1523 397 1584 de
416 1523 586 1602 magistratu
604 1523 688 1584 facile
709 1524 810 1603 populi
825 1523 965 1583 iudicium
980 1523 1027 1582 fic:
1049 1521 1191 1582 iudicesa
1210 1531 1239 1580 11

135 1609 234 1688 paucis
256 1608 372 1686 probari
390 1625 514 1688 regnum
534 1615 592 1679 est,
620 1627 655 1668 ex
670 1608 793 1686 pecunia
807 1607 861 1686 legi
875 1607 1074 1667 inhonestum.
1102 1621 1193 1684 quare

87 1708 116 1756 15
136 1710 240 1754 omnes
262 1693 373 1772 primae
391 1693 491 1753 classis
510 1691 636 1752 iudicare
654 1693 762 1772 placet,
783 1693 835 1752 sed
849 1709 973 1752 numero
989 1691 1087 1770 plures
1102 1706 1192 1769 quam

135 1777 272 1838 iudicant.
298 1795 395 1856 neque
406 1776 535 1838 Rhodios
547 1793 642 1856 neque
654 1776 723 1838 alias
736 1777 863 1838 civitates
874 1792 1006 1855 unquam
1017 1774 1192 1834 iudiciorum
1211 1784 1242 1834 12

134 1880 258 1922 suorum
272 1862 428 1940 paenituit,
446 1860 494 1920 ubi
510 1863 676 1940 promiscue
691 1861 771 1922 dives
787 1869 816 1922 et
831 1875 950 1939 pauper,
967 1867 999 1920 ut
1012 1859 1116 1938 cuique
1131 1857 1192 1918 fors

15 1972 20 1976 ·
134 1946 212 2018 tulit,
229 1947 264 2006 de
280 1945 413 2006 maximis
427 1945 515 2006 rebus
530 1946 610 2006 iuxta
625 1964 658 2006 ac
673 1947 708 2007 dc
723 1945 852 2006 minimis
867 1944 1017 2022 disceptat.
1061 1977 1063 1982 ·

222 2029 280 2090 Sed
291 2029 507 2108 magistratibus
518 2030 649 2090 creandis
660 2030 738 2106 haud
749 2029 822 2089 mihi
834 2029 953 2108 quidem
964 2027 1088 2106 apsurde
1099 2025 1194 2104 placet
1214 2026 1235 2088 8

85 2130 117 2179 20
135 2113 190 2187 lex,
207 2133 297 2192 quam
312 2114 343 2174 C.
359 2113 507 2174 Gracchus
522 2113 553 2173 in
567 2113 718 2174 tribunatu
732 2115 973 2192 promulgaverat,
990 2119 1023 2172 ut
1038 2131 1073 2172 ex
1088 2109 1194 2171 coniu-

136 2199 175 2260 sis
195 2199 325 2276 quinque
344 2197 484 2258 classibus
498 2201 578 2258 sorte
586 2198 738 2260 ¹centuriae
753 2205 934 2258 vocarentur.
964 2197 1003 2258 ita
1019 2202 1194 2274 coaequatur
1215 2206 1230 2256 2

136 2282 276 2362 dignitate
296 2282 432 2361 pecunia,
455 2282 562 2342 virtute
584 2283 693 2342 anteire
714 2282 786 2342 alius
807 2282 895 2342 alium
916 2279 1092 2360 properabit.
1122 2279 1230 2340 haece

136 2386 188 2446 ago
209 2383 314 2445 magna
333 2365 464 2426 remedia
483 2372 584 2426 contra
605 2365 718 2428 divitias
738 2372 845 2426 statuo.
875 2383 945 2425 nam
956 2365 1078 2443 perinde
1092 2381 1194 2425 omnes

136 2470 184 2512 res
198 2451 354 2510 laudantur
368 2457 455 2528 atque
472 2449 663 2528 adpetuntur,
679 2457 827 2511 uteorum
842 2467 943 2510 rerum
958 2467 1030 2509 usus
1046 2454 1100 2507 est.
1130 2466 1196 2507 ma·

87 2553 118 2601 25
135 2535 198 2596 litia
208 2534 345 2614 praemiis
357 2539 509 2594 exercetur
516 2531 528 2592 ε’
535 2533 587 2595 ubi
597 2552 631 2596 ea
642 2533 813 2612 dempseris,
826 2551 914 2595 nemo
926 2531 1060 2594 omnium
1067 2531 1193 2609 gratuito

137 2619 233 2680 malus
254 2625 307 2680 est.
339 2624 470 2678 ceterum
491 2617 608 2679 avaritia
623 2617 707 2678 belua
721 2618 782 2678 fera
797 2617 923 2678 inmanis
937 2615 1119 2676 intoleranda
1134 2621 1193 2675 est:
1216 2629 1232 2676 4

138 2705 198 2782 quo
213 2702 353 2774 intendit,
374 2702 479 2780 oppida
493 2719 577 2780 agros
592 2703 660 2765 fana
675 2710 762 2780 atque
778 2701 882 2762 domos
897 2707 999 2771 vastat,
1015 2699 1111 2760 divina
1127 2717 1195 2759 cuns

137 2787 275 2860 humanis
289 2785 459 2865 permiscet,
480 2803 576 2864 neque
592 2785 735 2846 exercitus
750 2803 846 2864 neque
861 2785 977 2846 moenie
992 2784 1120 2854 obstant,
1137 2801 1195 2860 quo

139 2869 283 2944 minuisti
303 2889 356 2931 sua
374 2875 523 2948 penetret,
549 2869 626 2931 lama
645 2869 784 2950 pudicitia
802 2867 900 2929 liberis
920 2867 1013 2948 patria
1034 2873 1122 2946 atque
1141 2883 1195 2946 pa-

89 2972 121 3020 3o
138 2954 269 3016 rentibus
284 2961 404 3016 cunctos
420 2954 551 3014 mortalis
566 2953 679 3032 spoliat.
707 2971 818 3023 verum,
834 2953 859 3012 si
872 2951 1013 3031 pecuniae
1024 2951 1114 3012 decus
1125 2950 1194 3011 ade·
1217 2966 1232 3014 5

139 3038 239 3108 meris,
255 3055 358 3117 magna
372 3037 420 3100 illa
434 3037 475 3098 vis
491 3037 625 3098 avaritiae
636 3037 719 3098 facilc
734 3037 819 3098 bonis
835 3037 967 3098 moribus
982 3037 1122 3098 vincetur.
1149 3041 1196 3094 at·
1217 3049 1233 3100 6

140 3128 199 3200 que
213 3122 284 3184 hacc
293 3123 332 3182 ita
346 3139 410 3182 sese
422 3121 529 3182 habere
540 3123 658 3183 tametsi
668 3139 772 3184 omnes
784 3121 867 3200 aequi
878 3129 965 3201 atque
977 3119 1070 3200 iniqui
1079 3139 1196 3181 memo-

139 3213 216 3278 rant,
231 3213 330 3270 tamen
341 3207 394 3268 tibi
406 3224 473 3268 cum
484 3206 610 3267 factione
622 3206 782 3268 nobilitatis
793 3206 871 3266 baud
884 3205 1070 3272 mediocriter
1080 3211 1197 3264 certan-

140 3291 212 3351 dum
231 3298 285 3351 est.
316 3291 422 3370 quoius
442 3290 467 3352 si
482 3290 583 3352 dolum
599 3290 721 3362 caveris,
738 3291 792 3352 alia
808 3289 905 3350 onmia
920 3289 951 3348 in
965 3288 1086 3366 proclivi
1100 3293 1196 3347 erunt.

91 3391 122 3439 35
140 3393 211 3448 nam
225 3375 253 3447 ii,
270 3375 295 3436 si
309 3375 415 3436 virtute
431 3374 501 3436 satis
516 3375 654 3445 valerent,
670 3375 762 3454 magis
774 3373 880 3434 aemuli
891 3373 1038 3433 honorum
1050 3389 1138 3450 quam
1149 3370 1196 3430 in·
1218 3385 1232 3433 7

141 3459 199 3520 vidi
214 3465 321 3522 essent.
352 3459 420 3538 quia
435 3459 543 3522 desidia
558 3465 587 3520 et
597 3457 711 3531 inertia,
727 3465 831 3536 stupor
845 3475 895 3518 eos
909 3463 997 3535 atque
1012 3455 1135 3534 torpedo
1149 3453 1197 3514 in-

141 3544 227 3616 vasit,
245 3549 379 3622 strepunt
394 3543 568 3614 obtrectant,
584 3542 708 3604 alienam
721 3540 954 3630 lamambonam
969 3557 1057 3602 suum
1072 3539 1198 3600 dedecus

143 3634 317 3690 aestumant

144 3781 344 3791 ....----—-——

213 3856 223 3905 l
244 3856 270 3906 id
281 3857 344 3907 adeo
355 3857 497 3920 Acclama,
509 3857 564 3908 ideo
578 3859 607 3912 V
622 3856 630 3925 Η
647 3859 663 3910 8
680 3859 721 3909 uia
738 3859 817 3912 ardua
829 3865 870 3910 est
884 3859 986 3938 accipet,
997 3873 1047 3908 una
1064 3858 1143 3908 ardua
1158 3865 1199 3907 est

143 3924 195 3986 (uia
205 3939 263 3990 sup.
277 3926 329 3985 est)
345 3925 385 3988 V,
401 3940 451 3976 una
463 3933 489 3980 ct
501 3927 580 3977 ardua
591 3926 634 3978 uia
646 3933 685 3977 est
697 3925 781 3988 Aldus
793 3924 804 3992 ll
816 3926 845 3976 17
865 3939 1005 3991 promrsoue
1023 3940 1058 3975 ear
1074 3924 1198 3990 promisce

144 3991 173 4042 V
182 3991 190 4058 ll
206 3993 235 4040 2l
258 3999 428 4058 coaequantur
441 3993 480 4054 V,
491 3991 558 4044 unde
570 3993 687 4058 sortasse
698 3993 817 4059 pecuniae
829 3993 966 4059 legerim
976 3991 1198 4044 cemuit‘Orelliot

142 4056 151 4124 ll
160 4059 192 4108 22
205 4057 287 4108 antire
301 4059 329 4110 V
339 4055 349 4126 ss
362 4060 392 4108 27
413 4059 478 4126 quod
488 4059 595 4110 intendit
607 4061 673 4129 (sup.
686 4067 698 4110 t
706 4063 822 4128 prebrem
834 4061 858 4124 c)
872 4061 901 4112 V
910 4057 919 4128 ll
933 4059 965 4109 33
983 4057 1056 4120 haud]
1069 4065 1113 4108 aut
1126 4059 1155 4114 V
