2846 4682
449 225 459 262 l

405 353 448 404 llll
467 351 715 409 CONIURATIONE
734 353 912 407 CATILINAE
1170 361 1188 420 7

123 509 312 572 nobilitatem
326 509 479 589 putabant.
502 509 595 572 landis
611 509 695 583 avidi,
711 511 852 589 pecuniae
866 511 1000 575 liberales
1014 521 1112 590 erant;
1124 515 1187 594 glo-

125 595 201 656 riam
227 596 393 673 ingentem‚
417 595 531 656 divitias
551 595 691 657 honestas
706 595 850 657 volebant.
886 616 1052 660 memorare
1067 619 1188 680 possem
1209 614 1224 662 7

126 681 233 760 quibus
248 681 281 740 in
294 679 368 740 locis
381 697 534 742 maxumas
549 680 681 741 hostium
692 681 790 760 copias
801 683 928 762 populus
939 683 1090 746 Romanus
1101 705 1189 765 parva

126 785 218 828 manu
239 765 363 838 fuderit,
385 785 457 844 quas
479 765 561 826 urbis
575 772 681 826 natura
695 765 824 832 munitas
840 769 997 846 pugnando
1013 771 1136 850 ceperit,
1157 773 1188 834 ni

91 861 106 910 5
127 869 161 912 ca
175 869 225 912 res
239 851 355 930 longius
369 867 424 910 nos
440 850 476 912 ab
491 851 608 930 incepto
623 851 761 912 traheret.
1313 911 1319 927 „

213 937 271 996 Sed
285 937 419 1014 profecto
434 935 552 996 fortuna
567 935 598 996 in
614 936 695 996 omni
709 954 741 997 re
757 936 942 1012 dominatum
957 959 991 999 ea
1005 959 1053 1001 res
1066 951 1185 1004 cunctas
1208 946 1229 1008 8

125 1041 162 1082 cx
175 1021 307 1082 lubidine
318 1021 410 1100 magis
424 1039 512 1100 quam
524 1040 559 1081 ex
570 1040 640 1083 vero
651 1021 776 1083 celebrat
787 1021 991 1103 obscuratque.
1020 1025 1183 1088 Athenien·
1205 1046 1221 1096 2

126 1107 204 1168 sium
223 1125 272 1168 res
292 1113 404 1185 gestae,
425 1105 511 1172 sicuti
532 1125 584 1184 ego
606 1115 753 1178 aestumo,
776 1107 847 1168 satis
867 1109 979 1188 amplae
993 1113 1186 1190 magnificae-

127 1211 186 1272 que
200 1191 293 1264 lucre,
309 1209 411 1252 verum
427 1191 574 1270 aliquanto
590 1192 719 1252 minores
734 1200 835 1256 tamen
850 1212 939 1272 quam
949 1195 1028 1256 fama
1039 1197 1184 1260 feruntur.

79 1285 109 1336 1⁰
128 1277 182 1337 scd
198 1277 264 1356 quia
279 1293 439 1356 provenere
454 1276 494 1338 ihi
508 1277 686 1356 scriptorum
701 1296 807 1356 magna
821 1279 950 1357 ingenia,
972 1300 1025 1360 per
1039 1289 1185 1346 terrarum
1207 1303 1222 1354 3

127 1361 230 1423 orbem
244 1361 468 1422 Atheniensium
488 1362 566 1424 facta
580 1380 634 1441 pro
650 1363 797 1424 maxumis
812 1363 1004 1430 celebrantur.
1027 1367 1067 1430 ita
1083 1387 1186 1432 eorum
1205 1387 1221 1437 4

87 1513 92 1524 ¹
126 1447 178 1526 qni
202 1447 298 1508 locere
323 1447 416 1510 virtus
442 1455 523 1508 tanta
542 1448 679 1520 habetur,
702 1457 845 1526 quantum
865 1467 930 1510 eam
951 1452 1046 1512 verbis
1061 1448 1186 1533 potuere

125 1533 265 1593 extollere
279 1531 565 1611 praeclaralingenia.
589 1540 619 1594 at
633 1534 741 1613 populo
756 1534 890 1594 Romano
906 1552 1070 1616 numquam
1086 1539 1184 1602 ea'co-
1207 1557 1221 1604 5

125 1617 173 1696 pia
187 1617 258 1689 fuit,
276 1616 344 1695 quia
356 1617 615 1702 prudentissumus
632 1617 755 1697 quisquc
770 1637 908 1680 maxume
923 1622 1093 1700 negotiosus
1108 1635 1183 1688 erat:

76 1709 106 1759 lt
123 1703 277 1781 ingenium
291 1720 379 1764 nemo
395 1703 458 1764 sine
474 1721 596 1782 corpore
611 1703 778 1778 exercebam
794 1711 935 1784 optumus
950 1707 1073 1787 quisque
1088 1711 1184 1786 facere

124 1807 215 1867 quam
239 1788 349 1860 dicere,
371 1807 424 1850 sua
443 1789 479 1848 ab
498 1788 560 1848 aliis
578 1787 730 1850 benefacta
750 1789 861 1850 laudari
877 1809 964 1868 quam
980 1792 1042 1870 ipse
1059 1794 1184 1858 aliorum
1279 1811 1282 1814 ·

123 1890 243 1936 narrare
257 1867 393 1934 malebat
423 1873 511 1952 igitur
525 1873 604 1934 domi
620 1873 797 1954 militiaeque
812 1874 883 1934 boni
893 1894 991 1937 mores
1004 1879 1183 1955 colebantur,
1206 1888 1225 1948 s

124 1959 283 2020 concordia
297 1977 450 2032 maxuma,
472 1958 606 2020 minuma
621 1959 739 2020 avaritia
753 1966 831 2032 erat,
852 1959 898 2020 ius
919 1961 1089 2043 bonumque
1105 1969 1183 2046 apud

126 2063 177 2105 eos
199 2061 261 2104 non
281 2043 393 2123 legibus
416 2044 509 2122 magis
531 2061 620 2122 quam
639 2051 743 2106 natura
765 2044 885 2106 valebat.
916 2047 1007 2126 iurgia
1026 2049 1184 2114 discordias
1206 2067 1221 2118 2

74 2134 104 2186 20
123 2129 289 2190 simultates
304 2148 373 2190 cum
386 2128 522 2190 hostibus
536 2129 719 2202 exercebant,
735 2129 810 2190 cives
826 2149 893 2192 cum
906 2131 1017 2194 civibus
1028 2135 1065 2195 de
1076 2137 1183 2200 virtute

126 2214 286 2276 certabant.
317 2214 348 2276 in
365 2213 514 2294 suppliciis
532 2214 657 2276 deorum
668 2215 827 2294 magnifici,
841 2215 922 2276 domi
932 2219 1020 2296 parci,
1032 2221 1062 2280 in
1073 2222 1183 2284 amicos

125 2299 325 2360 fideleserant.
356 2299 470 2360 duabus
482 2299 529 2359 bis
553 2299 678 2372 artibus,
699 2301 818 2360 audacia
833 2301 864 2362 in
878 2299 963 2375 bello,
981 2303 1030 2364 ubi
1044 2325 1101 2386 pax
1116 2327 1182 2369 cve·
1205 2325 1219 2372 3

123 2391 208 2444 norat
218 2385 364 2462 aequitate
377 2403 467 2462 seque
478 2403 601 2464 remque
612 2385 758 2464 publicam
771 2385 919 2448 curabant.
946 2407 1071 2467 quarum
1082 2411 1183 2454 rerum
1204 2409 1220 2457 4
1326 2401 1331 2418 ’

123 2488 177 2549 ego
192 2471 332 2530 maxuma
347 2467 523 2530 documenta
537 2471 610 2531 haec
623 2471 734 2536 labeo.
759 2471 836 2549 quod
851 2472 883 2532 in
897 2472 973 2535 bello
988 2477 1104 2555 saepius
1118 2479 1182 2540 vin-

74 2561 103 2613 25
123 2554 252 2616 dicatum
269 2561 314 2616 est
326 2554 358 2614 in
372 2573 432 2626 eos,
450 2554 500 2633 qui
515 2562 616 2616 contra
630 2555 789 2636 imperium
805 2557 836 2616 in
850 2556 969 2620 hostem
983 2573 1182 2639 pugnaverant

123 2638 232 2718 quique
254 2639 366 2700 tardius
389 2640 517 2700 revocati
540 2640 650 2720 proelio
676 2649 875 2712 excesserant,
908 2661 998 2720 quam
1024 2646 1074 2723 qui
1099 2647 1181 2727 signa

121 2723 289 2804 relinquere
315 2731 366 2784 aut
380 2725 458 2804 pulsi
472 2725 537 2786 loco
553 2725 656 2785 cedere
670 2725 735 2786 ausi
749 2733 847 2798 erant3
863 2725 894 2786 in
909 2746 979 2805 pace
995 2748 1079 2802 vero,
1102 2735 1180 2810 quod
1202 2748 1217 2794 5

123 2809 265 2870 benificiis
290 2809 383 2888 magis
405 2828 492 2888 quam
520 2817 610 2870 metu
632 2809 789 2889 imperium
817 2810 976 2889 agitabant,
1007 2823 1037 2874 ct
1062 2827 1179 2898 accepta

121 2894 228 2956 iniuria
247 2896 400 2974 ignoscere
416 2913 504 2974 quam
519 2895 654 2974 persequi
667 2895 823 2956 malebant.

76 2989 104 3040 tt
207 2981 264 3040 Sed
278 2980 329 3041 ubi
343 2979 442 3042 labore
457 2987 544 3060 atque
559 2980 730 3044 institisses
745 2981 860 3060 publica
874 2983 973 3056 crevit,
989 3003 1071 3064 reges
1082 2991 1179 3068 magni
1203 2989 1242 3059 ll)

119 3063 197 3126 bello
212 3065 325 3137 domiti,
342 3065 474 3126 nationes
489 3066 568 3126 ferae
583 3074 612 3126 et
627 3066 728 3146 populi
737 3067 869 3146 ingentes
881 3068 909 3128 vi
919 3070 1041 3143 subacti,
1058 3073 1179 3135 Cartha-

121 3169 156 3228 go
176 3151 290 3212 aemula
309 3151 414 3230 imperi
428 3151 553 3210 Romani
572 3151 609 3211 ab
632 3151 723 3230 stirpe
744 3151 870 3226 interiit,
892 3163 996 3216 cuncta
1012 3158 1104 3218 maria
1118 3167 1179 3220 ter-

121 3252 228 3314 raeque
248 3236 402 3316 patebant:
423 3235 533 3296 saevire
553 3237 671 3298 fortuna
691 3256 724 3298 ac
739 3237 863 3299 miscere
879 3239 977 3300 omnia
992 3235 1097 3320 coepit.
1128 3245 1178 3322 qui
1199 3261 1214 3312 2
1300 3275 1307 3299 «,

121 3321 243 3394 labores,
258 3321 396 3402 pericula,
412 3321 513 3382 dubias
529 3329 615 3401 atquc
631 3340 747 3401 asperas
761 3341 809 3384 res
823 3323 906 3384 facile
920 3325 1124 3399 toleraverant,
1136 3330 1178 3390 eis

77 3412 103 3466 35
122 3408 216 3469 otium
230 3407 354 3478 divitiae,
367 3407 494 3486 optanda
505 3407 583 3480 alias,
597 3407 680 3468 oncri
695 3407 888 3487 miseriaeque
904 3409 995 3470 biera.
1018 3410 1177 3491 igiturpri·
1199 3430 1213 3478 3

188 3676 203 3726 3
221 3677 332 3728 hostium
341 3694 369 3746 p,
381 3677 477 3727 hostius
490 3678 514 3726 P
529 3675 539 3742 ll
558 3675 589 3726 12
607 3677 649 3742 qni
668 3691 697 3726 es
709 3676 796 3728 icccre'
805 3678 852 3729 Po
861 3679 925 3742 (scd
935 3671 998 3730 2¹an
1012 3697 1043 3732 ea
1059 3687 1177 3735 estrmno

123 3745 246 3795 versiculo
262 3761 343 3796 macru
356 3749 445 3812 prim
461 3744 590 3796 adiectum
605 3745 734 3809 telletum:
753 3761 782 3796 ea
799 3761 848 3796 orn.
865 3763 890 3813 z,
907 3748 1010 3798 Hieron.
1026 3753 1093 3800 vitae
1108 3752 1177 3802 Hilo-

123 3813 215 3864 rion.1
234 3812 244 3880 l
262 3829 316 3864 eam
332 3829 368 3863 eac
382 3814 403 3864 C
411 3829 490 3878 unus,
508 3813 610 3864 Hieron.
628 3814 644 3864 l.
657 3830 680 3865 c.
691 3816 728 3882 cf.
743 3815 871 3882 Vopiscus
883 3817 960 3866 Proh.
973 3817 1001 3882 1,
1019 3834 1048 3868 ca
1066 3819 1130 3886 PCll
1143 3822 1173 3870 21

123 3881 206 3933 unicis
218 3880 256 3949 cll
281 3881 315 3930 26
333 3881 429 3946 praelio
448 3882 503 3946 PC,
519 3882 588 3932 bello
607 3882 702 3951 01128
721 3883 800 3948 magis
817 3900 890 3950 quam
909 3885 934 3950 0,
950 3886 1029 3950 magis
1045 3901 1094 3938 cm.
1112 3889 1157 3939 PC
1168 3887 1176 3954 ll

123 3947 153 3998 32
170 3949 251 4001 dimiti
265 3951 289 4000 P
299 3948 309 4016 ΙΙ
321 3949 436 4012 ingentes
452 3965 502 4000 cor.
515 3951 539 4000 P
553 3954 579 4000 ct
590 3967 659 4002 unus
669 3968 705 4002 ss
719 3951 758 4012 Ul
771 3953 803 4002 35
816 3953 919 4004 diuitiae
931 3953 981 4018 Pe,
993 3953 1144 4022 diuitiaeque
1157 3955 1179 4004 C

121 4013 246 4084 luptanda
258 4018 323 4068 alias
336 4019 367 4080 P,
379 4019 502 4084 optandae
514 4018 572 4068 aliis
588 4019 609 4069 C
695 4063 696 4066 ,
