2854 4678
557 337 606 388 EX
622 335 781 389 satLUsTt
797 335 956 388 HISTORIIS

452 488 704 558 ORATIO
749 487 1060 556 PHILIPPI

654 589 865 645 meruero.

191 729 202 776 1
310 714 446 778 Maxume
466 715 584 790 vellem,
604 722 701 795 patres
721 715 890 795 conscripti,
911 714 1142 795 rempublicam
1158 717 1290 796 quietam

226 821 290 863 esse
312 802 411 862 autin
433 801 568 880 periculis
588 819 604 860 a
623 801 856 880 promptissumo
871 817 990 880 quoque
1005 799 1138 873 delendi,
1161 802 1290 882 denique

225 904 312 966 prava
332 887 447 966 incepta
467 885 684 947 consultoribus
698 903 791 946 noxae
806 903 880 946 esse.
910 885 962 946 sed
979 892 1080 946 contra
1095 885 1288 948 seditionibus
1310 902 1325 952 5
1410 939 1411 954 ,

226 971 325 1033 omnia
341 971 456 1032 turbata
474 978 544 1031 sunt
560 977 591 1031 et
606 970 643 1031 ab
660 970 701 1030 eis
719 988 793 1050 quos
804 969 961 1048 probibere
973 969 1065 1048 magis
1077 968 1207 1032 decebat.
1229 991 1287 1051 po·

224 1064 347 1128 stremo,
361 1075 434 1136 quae
446 1054 577 1135 pessumi
589 1063 619 1114 et
629 1055 808 1115 stultissumi
820 1055 983 1127 decrevere,
995 1072 1028 1114 ea
1037 1054 1122 1114 bonis
1132 1063 1162 1116 et
1171 1055 1290 1134 sapien-

188 1156 204 1206 2
225 1141 303 1202 tibus
315 1140 448 1200 faciunda
460 1147 538 1200 sunt.
560 1157 630 1200 nam
641 1139 752 1198 bellum
763 1147 852 1218 atque
860 1157 951 1210 arma,
960 1157 1140 1218 quamquam
1151 1139 1232 1201 vobis
1240 1141 1289 1201 in-

225 1225 294 1296 visa,
306 1233 415 1296 tamen,
429 1224 496 1302 quia
508 1223 619 1302 Lepido
630 1224 755 1302 placent,
768 1225 916 1284 sumunda
927 1231 1005 1284 sunt.
1018 1223 1074 1283 nisi
1086 1223 1163 1285 forte
1175 1225 1221 1286 cui
1233 1245 1287 1304 pa-

188 1323 204 1372 3
225 1327 290 1371 cem
308 1315 456 1388 praestare
468 1315 497 1367 et
509 1307 619 1368 bellum
631 1308 692 1386 pati
704 1308 858 1368 consilium
869 1315 923 1368 est.
946 1326 1000 1387 pro
1012 1307 1042 1368 di
1054 1308 1133 1380 boni,
1146 1308 1197 1388 qui
1208 1310 1286 1371 banc
1309 1322 1341 1373 to

224 1394 329 1454 urbem
340 1393 447 1452 amissa
460 1393 539 1454 curia
551 1392 646 1452 adbuc
659 1393 765 1470 tegitis
776 1393 813 1454 Μ.
822 1392 972 1464 Aemilius,
982 1393 1286 1472 omniumllagitioso-

223 1496 291 1538 rum
303 1485 480 1557 postremus,
493 1477 543 1555 qui
554 1476 638 1555 peior
648 1493 686 1535 an
697 1477 827 1554 ignavior
835 1477 874 1536 sit
880 1477 1034 1538 deliberari
1042 1493 1104 1536 non
1115 1485 1224 1557 potest,
1232 1498 1287 1539 err·

224 1562 349 1623 ercitum
366 1561 578 1642 opprimundae
595 1560 735 1621 libertatis
754 1560 842 1620 babet
854 1569 883 1622 et
894 1580 926 1621 se
937 1581 952 1622 e
964 1569 1136 1640 contempto
1147 1571 1285 1624 metuen-
1333 1631 1342 1644 ,

224 1647 296 1708 dum
309 1647 417 1708 effecit:
430 1665 480 1707 vos
491 1653 657 1706 mussantes
674 1653 703 1704 et
714 1651 906 1705 retractantes
917 1645 1054 1706 verbis
1018 1665 1040 1706 ·e
1041 1653 1165 1707 tratum
1177 1648 1286 1708 carmi-

223 1731 312 1792 nibus
323 1750 425 1811 pacem
438 1731 546 1810 optatis
557 1730 649 1809 magis
662 1747 750 1808 quarn
762 1729 919 1790 defenditis
927 1748 1023 1810 neque
1031 1731 1197 1811 intellegitis
1205 1732 1284 1794 mol·
1307 1742 1341 1792 15

187 1829 204 1878 t
224 1816 285 1878 litia
305 1817 490 1877 decretorum
510 1815 594 1874 vobis
614 1813 787 1893 dignitatem
806 1813 847 1873 Illi
868 1822 983 1875 metum
999 1814 1120 1876 detrahi
1152 1825 1240 1913 atque
1254 1817 1285 1878 id

223 1901 297 1973 iure,
313 1893 453 1980 quoniam
468 1919 504 1960 ex
517 1898 627 1978 rapinis
642 1899 842 1970 consulatum,
858 1899 896 1959 ob
912 1899 1088 1960 seditionem
1104 1901 1284 1998 provInciam

224 2003 292 2046 curn
308 1985 437 2046 exercitu
452 1984 574 2063 adeptus
590 1991 643 2044 est
673 1983 744 2062 quid
759 1983 806 2044 ille
822 1983 859 2044 ob
874 1983 950 2044 bene
964 1984 1040 2044 facta
1052 1984 1187 2064 cepisset,
1199 1985 1283 2055 cuius

223 2069 382 2132 sceleribus
396 2077 477 2130 tanta
491 2068 620 2148 praemia
635 2064 803 2128 tribuistis.

187 2171 202 2220 5
309 2154 346 2214 At
360 2154 469 2214 scilicet
484 2171 545 2224 eos,
561 2152 613 2232 qui
626 2153 662 2212 ad
673 2159 858 2231 postremum
869 2171 963 2232 usquc
974 2152 1084 2231 legatos
1094 2157 1198 2231 paceni
1209 2171 1283 2214 con·
1304 2159 1340 2217 2'0

223 2238 353 2300 cordiam
374 2245 404 2298 et
422 2237 477 2297 alia
495 2237 700 2297 huiuscemodi
720 2237 924 2310 decreverunt,
945 2237 1067 2316 gratiam
1090 2237 1126 2297 ab
1141 2257 1176 2297 eo
1191 2255 1282 2317 pepe-

222 2324 304 2384 risse.
334 2323 427 2384 immo
447 2321 577 2400 despecti
596 2328 626 2380 et
645 2321 757 2400 indIgni
776 2339 809 2381 re
828 2322 943 2400 publica
964 2321 1056 2382 babiti
1072 2322 1196 2401 praedae
1215 2323 1282 2383 loco

223 2415 434 2478 aestumantur‚
450 2407 558 2485 quippe
569 2412 651 2466 metu
662 2424 764 2484 pacem
775 2413 950 2486 repetentes
962 2425 1021 2486 quo
1032 2405 1162 2467 habitam
1173 2405 1282 2467 amise-

185 2509 201 2560 o
221 2499 297 2554 rant.
327 2492 465 2572 equidem
480 2509 497 2551 a
511 2489 664 2570 principio,
682 2509 751 2550 cum
765 2491 914 2552 Etnrriam
926 2491 1088 2563 coniurare,
1100 2492 1282 2570 proscriptos
1329 2513 1334 2518 ·

221 2577 343 2650 accersi,
362 2576 563 2656 largitionibus
585 2593 648 2635 rem
664 2575 811 2653 publicam
826 2575 944 2636 lacerari
958 2575 1106 2648 videbam,
1128 2583 1282 2638 maturan-
1303 2588 1338 2639 25

221 2663 293 2724 dum
311 2663 451 2742 putabam
472 2667 503 2722 et
517 2659 612 2721 Catuli
626 2660 747 2720 consilia
761 2679 829 2720 cum
843 2661 944 2739 paucis
959 2667 1079 2721 secutus
1094 2677 1170 2720 sum.
1202 2668 1281 2721 cete-

220 2765 287 2809 rum
303 2747 353 2820 illi,
370 2747 421 2826 qui
436 2746 528 2825 gentis
543 2743 682 2805 Aemiliae
697 2744 771 2805 bene
782 2745 858 2805 facta
869 2744 1048 2805 extollebant
1059 2752 1088 2805 et
1099 2745 1281 2823 ignoscundo

219 2832 321 2912 populi
337 2830 462 2892 Romani
481 2829 713 2908 magnitudinem
728 2829 857 2901 auxisse,
878 2846 1025 2908 nusquam
1041 2829 1130 2889 etiam
1146 2837 1212 2890 tum
1223 2830 1280 2890 Le-

219 2917 321 2994 pidum
342 2933 530 2995 progressum
550 2914 677 2986 aiebant,
699 2933 768 2974 curn
788 2915 898 2993 privata
918 2932 999 2976 arma
1018 2915 1230 2994 opprimundae
1244 2913 1282 2974 li-

219 3000 339 3060 bertatis
365 3000 506 3078 cepisset,
532 2998 587 3058 sibi
616 2998 741 3076 quisque
764 3017 835 3077 opes
856 3006 906 3058 aut
926 2999 1086 3078 patrocinia
1108 2999 1335 3078 quaerundum

184 3099 198 3146 7
219 3083 376 3144 consillum
390 3082 540 3161 publicum
555 3089 763 3160 conruperunt.
785 3089 815 3144 at
829 3090 901 3144 tunc
914 3091 976 3143 erat
987 3083 1113 3162 Lepidus
1123 3083 1199 3144 latro
1211 3103 1281 3144 cum

218 3167 369 3228 calonibus
385 3175 413 3227 et
428 3167 527 3246 paucis
542 3165 662 3238 sicariis,
678 3185 805 3245 quorum
820 3185 909 3228 nemo
924 3167 1028 3230 diurna
1043 3169 1178 3230 mercede
1189 3169 1280 3230 vitam

218 3253 389 3314 mutaverit:
410 3269 490 3312 nunc
507 3259 553 3312 est
572 3269 627 3330 pro
648 3253 767 3312 consule
787 3271 855 3313 cum
875 3253 1013 3332 imperio,
1035 3270 1096 3313 non
1111 3261 1212 3332 empto
1226 3253 1280 3313 sed

218 3338 286 3399 dato
301 3357 317 3399 a
332 3337 427 3409 vobis,
443 3355 511 3397 curn
527 3335 627 3414 legatis
642 3335 737 3396 adhuc
751 3337 814 3396 iure
828 3337 1008 3416 parentibus
1024 3343 1054 3396 et
1069 3337 1104 3398 ad
1120 3357 1189 3398 eum
1205 3356 1279 3398 con-

217 3442 335 3484 currere
360 3422 496 3482 bomines
523 3420 657 3482 omnium
683 3421 819 3482 ordinum
844 3421 1090 3500 conruptissumi‚
1122 3422 1277 3500 flagrantes
1299 3433 1333 3485 35

217 3507 316 3588 inopia
326 3515 356 3568 et
366 3507 560 3586 cupidinibus,
573 3507 717 3566 scelerum
729 3507 905 3566 conscientia
916 3506 1060 3585 exagitati,
1073 3505 1180 3585 quibus
1192 3507 1277 3586 quies

216 3594 247 3653 in
266 3591 473 3663 seditionibus,
494 3591 525 3650 in
543 3608 614 3669 pace
634 3591 736 3652 turbae
757 3598 834 3650 sunt.
866 3591 894 3651 ei
908 3590 1069 3650 tumultum
1085 3609 1121 3650 en
1134 3593 1275 3663 tumultu,

287 3791 296 3839 l
319 3790 441 3843 oborto
454 3792 588 3844 PHILIPPI
601 3793 635 3845 IN
647 3794 710 3844 SEA
723 3795 782 3856 (non
794 3793 853 3854 Sbl,
871 3794 939 3859 quod
948 3794 1074 3844 sententia
1085 3796 1275 3872 interpretatur

215 3858 421 3920 estDa'etecltiuet
435 3861 463 3912 V
473 3862 511 3928 ll
529 3861 626 3912 delcadi
639 3862 668 3912 V
678 3861 715 3928 115
733 3833 907 3926 prauuAIdus
907 3877 1005 3927 ‚parua
1018 3863 1047 3913 V
1056 3861 1066 3927 ll
1080 3865 1107 3912 ll
1124 3861 1276 3910 umissacu-

215 3927 392 3993 riaHoupta'us
405 3897 491 3980 Mosei
505 3929 585 3980 liban.
601 3929 648 3980 tol
662 3931 709 3996 lp
727 3929 1007 3992 a73,om1ssacumV
1021 3927 1031 3997 ss
1053 3929 1084 3979 13
1102 3935 1274 3992 secontempto

215 3993 244 4044 V
254 3992 264 4062 ll
281 3996 436 4046 ldcarminis
450 3997 477 4048 V
488 3996 497 4062 ΙΙ
511 4000 538 4046 'li
556 3998 586 4046 ab
596 4013 661 4055 coz,
641 3996 765 4060 Aldus,
778 3965 857 4047 babeo
871 3997 900 4047 V
909 3995 919 4064 ΙΙ
933 3998 962 4048 31
977 4005 1037 4048 tunc
1048 3996 1172 4058 It‘t‘itzz'ttc,
1184 4003 1237 4044 tum
1248 3995 1277 4092 V

212 4059 264 4125 {132
283 4079 332 4113 non
341 4069 401 4132 port
414 4081 484 4115 nemo
496 4067 608 4115 inseruit
621 4063 724 4116 eorem
