2854 4678
229 371 288 433 118
557 367 607 418 EX
625 365 783 420 SALLUSTI
800 365 958 418 HISTORIIS

225 541 292 596 vos,
309 522 449 596 Quirites,
466 529 498 583 et
509 522 632 602 gloriam
647 523 808 595 maiorum,
825 523 947 584 tolerate
962 523 1083 583 advorsa
1097 526 1129 582 et
1141 520 1288 583 consulite

175 615 207 666 14
226 607 270 669 rei
289 608 430 687 publicae.
461 609 553 668 multa
572 625 642 668 cura
663 627 781 669 summo
801 607 926 686 imperio
941 607 1031 678 inest,
1053 605 1139 666 multi
1153 607 1288 686 ingentes

224 691 353 766 labores,
374 711 450 772 quos
468 693 648 772 nequiquam
662 693 789 756 abnuitis
803 699 833 752 et
846 692 925 771 pacis
941 690 1120 772 opulentiam
1135 691 1287 771 quaeritis,

161 852 163 856 y
226 795 294 837 cum
313 793 417 838 omnes
436 777 603 857 provinciae
622 795 713 856 regna
733 777 824 838 maria
843 784 998 856 terraeque
1017 794 1121 856 aspera
1139 784 1190 837 ant
1208 777 1288 838 fessa

223 860 307 922 bebis
321 862 390 922 sint.
1308 869 1323 918 s

332 1093 334 1098 t
436 1049 437 1054 κ
493 987 723 1095 sensnum
748 1025 819 1093 cu.
843 1026 1018 1094 rournr

499 1159 500 1162 ¹
625 1133 675 1186 AD
695 1132 881 1186 SENATUM.

185 1277 203 1336 1
312 1272 344 1333 Si
362 1273 503 1345 advorsus
523 1291 576 1334 ros
594 1273 778 1352 patriamque
799 1278 830 1332 et
848 1271 920 1333 deos
940 1271 1054 1352 penatis
1068 1279 1114 1334 tot
1127 1273 1243 1334 labores
1258 1281 1288 1336 et

124 1423 130 1432 ,
224 1357 354 1437 pericula
373 1357 583 1436 suscepissem,
606 1355 742 1437 quotiens
761 1357 888 1436 aprima
902 1356 1097 1418 adulescentia
1113 1357 1203 1418 ductu
1218 1377 1288 1422 meo

224 1441 432 1504 scelestissumi
446 1441 546 1502 hostes
561 1443 620 1504 lusi
634 1449 664 1506 et
674 1441 757 1504 vobis
771 1442 849 1502 salus
861 1441 992 1520 quaesita
1004 1449 1058 1511 est,
1075 1441 1148 1504 nibil
1159 1442 1286 1520 amplius
1309 1445 1341 1497 10

225 1526 257 1588 in
278 1527 431 1588 absentem
451 1547 499 1588 me
517 1526 694 1588 statuissetis
709 1544 800 1606 quam
814 1527 910 1587 adhuc
925 1526 1023 1605 agitis,
1041 1533 1142 1608 patres
1157 1527 1288 1589 conseri-

223 1611 275 1690 pti‚
293 1630 382 1692 quem
397 1620 498 1672 contra
510 1619 639 1672 aetatem
649 1611 813 1690 proiectum
824 1611 860 1670 ad
872 1610 982 1673 bellum
992 1611 1206 1672 saevissumum
1217 1629 1287 1673 cum

225 1697 353 1758 exercitu
368 1705 489 1776 optume
504 1696 619 1768 merito,
637 1704 781 1774 quantum
796 1702 840 1756 est
853 1695 885 1756 in
898 1695 991 1768 vobis,
1006 1695 1095 1768 fame,
1111 1697 1287 1758 miserruma

188 1794 203 1846 2
225 1781 360 1842 omnium
375 1789 479 1852 morte,
496 1780 671 1842 confecistis.
698 1780 800 1840 bacine
815 1798 867 1858 spe
877 1779 1004 1859 populus
1016 1781 1167 1842 Romanus
1178 1781 1288 1842 liberos

224 1885 295 1927 suos
315 1867 351 1926 ad
371 1865 483 1941 bellum
505 1863 609 1926 misit?
624 1865 694 1926 baec
715 1871 785 1926 sunt
798 1864 929 1942 praemis
942 1883 997 1945 pro
1011 1865 1179 1926 volneribus
1194 1873 1224 1926 ct
1237 1873 1286 1927 to-
1307 1874 1339 1924 tc

222 1951 299 2012 tiens
311 1951 424 2011 obrem
435 1949 660 2029 publicamfuso
673 1945 837 2029 sanguine?
846 1949 943 2010 lessus
954 1947 1111 2010 scribundo
1121 1949 1288 2012 mittundo-

225 2053 283 2114 que
304 2035 414 2114 legatos
434 2035 532 2096 omnis
552 2053 624 2112 opes
643 2041 673 2094 et
692 2052 760 2113 spes
774 2035 900 2113 privatas
915 2051 996 2095 meas
1012 2033 1197 2114 consumpsi,
1217 2051 1287 2098 cum

224 2119 343 2180 interim
367 2139 385 2180 a
405 2119 487 2180 vobis
509 2137 564 2198 per
582 2119 743 2179 triennium
763 2119 812 2178 rix
832 2135 949 2179 annuus
967 2127 1105 2198 sumptus
1125 2119 1211 2180 datus
1231 2127 1286 2180 est.

187 2217 203 2268 3
224 2221 278 2282 per
291 2205 362 2264 deos
377 2203 551 2275 inmortalis,
567 2210 668 2263 utrum
682 2203 811 2264 censetis
824 2221 873 2262 me
884 2202 977 2264 vicem
989 2204 1081 2264 aerari
1091 2211 1239 2282 praestare
1250 2221 1288 2266 an

187 2299 205 2348 t
225 2287 385 2348 exercitum
399 2289 462 2348 sine
477 2287 627 2348 frumento
644 2294 674 2348 et
687 2287 833 2366 stipendio
848 2287 956 2348 habere
967 2285 1077 2366 posse?
1091 2289 1229 2368 equidem
1240 2289 1286 2350 Ia·
1304 2295 1340 2347 2ο
1416 2369 1417 2386 ¹

224 2379 289 2433 teor
308 2391 356 2434 me
377 2373 413 2434 ad
433 2373 488 2432 boc
508 2371 618 2432 bellum
633 2371 742 2433 maiore
756 2371 853 2432 studio
869 2390 959 2450 qnam
974 2372 1095 2433 consilio
1109 2373 1287 2452 proiectum,

224 2457 332 2537 quippe
348 2457 399 2537 qui
413 2456 534 2518 nomine
549 2457 638 2518 modo
653 2457 759 2536 imperi
774 2477 791 2518 a
805 2455 887 2518 vobis
899 2464 1028 2535 accepto,
1045 2457 1148 2518 diebus
1160 2459 1286 2536 qnadra-

223 2543 302 2622 ginta
317 2542 478 2604 exercitum
492 2541 589 2621 paravi
604 2541 757 2620 hostisque
772 2541 803 2601 in
818 2541 979 2602 cervicibus
994 2541 1054 2602 iam
1064 2542 1162 2602 Italiae
1173 2543 1288 2621 agentis

224 2627 260 2687 ab
275 2627 395 2706 Alpibus
409 2627 440 2687 in
455 2627 625 2706 HispanIam
640 2627 785 2688 submovi.
815 2643 868 2705 per
882 2645 931 2687 eas
946 2626 1003 2687 iter
1017 2627 1095 2688 aliud
1106 2633 1194 2706 atquc
1205 2627 1287 2690 Han·

188 2725 204 2776 t
224 2711 312 2782 nibal,
327 2711 413 2774 nobis
430 2711 625 2791 opportunius
641 2710 775 2790 patefeci.
801 2711 899 2789 recepi
910 2710 1032 2772 Galliam
1044 2711 1228 2791 Pyrenaeum
1239 2713 1285 2772 Ia·
1307 2720 1349 2800 25.

224 2797 369 2858 cetaniam
384 2795 522 2874 Indigetis
536 2803 567 2856 et
580 2795 711 2875 primum
725 2796 870 2875 impetum
882 2795 995 2856 Sertori
1006 2796 1123 2856 victoris
1134 2797 1218 2857 novis
1230 2796 1288 2857 mi-

223 2880 323 2942 litibus
338 2889 368 2942 et
378 2881 473 2942 multo
485 2881 671 2960 paucioribus
682 2880 810 2942 sustinui
820 2880 1008 2959 hiememque
1020 2881 1122 2942 castris
1134 2881 1212 2941 inter
1222 2899 1288 2942 sae-

224 2966 372 3036 vissumos
390 2966 499 3035 bostis,
516 2982 577 3027 non
596 2983 650 3044 per
670 2965 777 3044 oppida
796 2983 893 3044 neque
914 2983 950 3024 ex
970 2965 1130 3026 ambitione
1149 2984 1216 3026 mea
1231 2967 1287 3044 egi.

188 3057 204 3108 c
225 3049 295 3127 quid
315 3048 419 3109 deinde
432 3049 544 3128 proelia
558 3057 608 3110 aut
623 3049 823 3128 expeditiones
837 3049 990 3122 hibernas,
1006 3049 1112 3128 oppida
1127 3051 1223 3112 excisa
1237 3057 1289 3112 aut

222 3140 339 3211 recepta
359 3129 556 3194 enumerem?
570 3134 687 3212 quando
707 3151 755 3194 res
774 3134 841 3213 plus
862 3135 938 3194 valet
956 3153 1045 3214 quam
1066 3135 1161 3195 verba.
1193 3143 1289 3198 castre
1305 3142 1340 3194 ts

222 3217 354 3279 bostium
376 3219 452 3297 apud
469 3217 632 3278 Sucronem
648 3225 731 3297 capta
745 3226 774 3278 et
788 3219 934 3297 proelium
948 3219 1025 3298 apud
1040 3219 1151 3280 flumen
1166 3219 1288 3281 Turiam

223 3310 254 3364 et
268 3303 328 3364 dux
342 3303 474 3364 hostium
489 3303 520 3363 C.
536 3301 702 3364 Herennius
714 3321 782 3364 curn
793 3303 867 3364 urbe
877 3303 1007 3364 Valentia
1018 3311 1048 3365 et
1059 3304 1188 3365 exercitu
1200 3305 1288 3366 deleti

223 3388 293 3449 satis
308 3388 385 3450 clara
399 3389 482 3449 vobis
498 3395 582 3448 sunt:
599 3406 653 3468 pro
670 3389 735 3468 quis
743 3406 754 3460 ,¹
768 3409 785 3448 o
800 3389 874 3468 grati
888 3395 1000 3467 patres,
1022 3396 1180 3468 egestatem
1195 3396 1228 3450 et
1241 3390 1287 3450 l'a-

225 3491 306 3534 mem
320 3472 449 3534 redditis.
479 3472 576 3552 itaque
592 3491 659 3534 meo
675 3481 705 3532 et
719 3473 849 3534 bostium
865 3472 1003 3534 exercitui
1017 3489 1070 3552 par
1084 3473 1217 3534 condicio
1232 3481 1287 3535 est

189 3575 203 3624 τ
225 3575 352 3636 namque
367 3557 545 3636 stipendium
560 3558 656 3618 neutri
672 3557 767 3630 datur,
783 3559 875 3619 victor
885 3565 1009 3636 uterque
1021 3559 1052 3618 in
1063 3559 1175 3618 ltaliam
1188 3559 1287 3620 venire
1308 3568 1342 3620 ³5

189 3658 205 3708 8
225 3649 330 3720 potest.
362 3643 441 3721 quod
460 3661 514 3720 ego
536 3661 587 3704 vos
607 3660 716 3703 moneo
736 3661 904 3722 quaesoque
923 3649 957 3702 ut
972 3642 1213 3704 animadvortatis
1227 3661 1287 3704 neu

188 3740 204 3792 9
225 3727 332 3804 cogatis
344 3726 565 3788 necessitatibus
581 3728 715 3806 privatim
730 3727 804 3788 mihi
819 3729 981 3788 consulere.
1008 3727 1177 3806 Hispaniam
1189 3729 1287 3788 citeri-

227 3854 427 3868 'n-—u-——-

295 3948 310 3998 c
328 3944 490 3999 nersrvcu
503 3931 547 3998 c'r‘t
560 3983 565 3996 .
579 3941 701 3998 eonem
718 3946 763 3996 uo
780 3935 914 4000 snuanv
928 3948 956 4000 V
971 3945 1031 4014 prr
1048 3947 1136 3998 uastas
1149 3963 1206 4014 spe,
1220 3950 1289 4014 quoa

225 4019 331 4096 ocubuit
344 4017 462 4078 Ursc'nus,
474 4019 512 4066 esi
522 4018 549 4095 ip
563 4015 596 4078 V,
608 4015 654 4098 imo
667 4015 691 4065 in
705 4031 748 4080 spe
760 4015 862 4135 uulgo)
880 4019 912 4066 25
930 4015 1079 4066 Iacotuniarn
1091 4016 1234 4080 Hic‘bneeus,
1247 4017 1287 4067 la-

226 4091 350 4134 cetanram
363 4085 392 4136 V
402 4081 411 4152 ll
425 4085 455 4135 31
475 4083 578 4134 Turtam
592 4083 708 4147 Ursinus,
720 4084 820 4134 durium
