2846 4682
462 369 505 420 na
523 369 630 420 arcuo
647 368 853 423 ruounruruo
1148 373 1188 435 63

120 525 216 603 gravia
237 530 268 585 et
288 523 378 604 flagiti
398 523 485 604 plena
499 531 595 596 erant,
617 531 718 586 tamen
733 524 803 604 quia
816 524 923 586 mortis
938 532 1022 587 metu
1035 525 1187 598 nutabant,

121 609 207 672 sicuti
220 609 285 689 regi
299 609 436 670 lubuerat
450 627 507 688 pax
522 609 668 670 convenit

207 694 267 754 Sed
294 693 346 754 ubi
370 711 404 755 ea
423 693 535 756 Rornae
563 701 715 773 comperta
735 701 819 767 sunt,
840 699 939 756 metus
961 702 1050 775 atque
1071 713 1188 758 maeror
1206 695 1249 758 89

121 778 270 840 civitatem
288 778 431 842 invasere.
468 797 535 857 pars
561 779 659 841 dolere
684 797 738 858 pro
756 779 858 858 -gloria
876 779 996 858 imperi,
1018 799 1085 860 pars
1104 781 1186 842 inse

83 863 171 927 alita
195 881 302 925 rerum
324 863 494 924 bellicarum
521 863 626 924 timere
654 863 788 936 libertati,
810 863 885 926 Aulo
907 882 1011 926 omnes
1032 865 1132 926 infesti
1152 885 1187 927 ac

120 967 260 1010 maxume
287 949 338 1028 qui
361 948 438 1009 bello
464 967 550 1027 saepe
571 949 711 1028 praeclari
733 948 866 1022 fuerant,
882 949 962 1028 quod
982 957 1113 1012 armatus
1133 950 1185 1012 de-

120 1034 225 1096 decore
253 1033 353 1112 potius
379 1051 468 1113 quarn
491 1051 582 1094 manu
606 1035 731 1096 salutem
760 1034 952 1113 quaesiverat.
993 1034 1219 1096 obcecant

120 1119 167 1178 sul
190 1117 314 1179 Albinus
329 1137 377 1179 ex
415 1117 521 1180 delicto
548 1119 647 1180 fratris
672 1117 809 1179 invidiam
836 1138 870 1181 ao
894 1118 998 1180 deinde
1022 1119 1184 1198 periculum

119 1204 230 1264 timens
265 1210 402 1264 senatum
439 1203 475 1264 de
509 1203 627 1264 foedere
663 1203 834 1266 consulebat
870 1210 899 1265 et
934 1210 1035 1266 tamen
1066 1203 1184 1266 interim

67 1300 97 1350 ιο
120 1287 261 1349 exercitui
286 1286 526 1367 supplementum
553 1288 693 1361 scribere,
722 1288 759 1349 ab
785 1288 871 1350 sociis
889 1295 919 1350 et
938 1289 1058 1350 nomine
1079 1287 1183 1352 latino

120 1372 226 1433 auxilia
241 1390 400 1445 accersere,
417 1373 542 1452 denique
559 1373 695 1434 omnibus
711 1372 808 1434 modis
827 1373 976 1434 festinare.
1004 1380 1123 1436 senatus
1142 1375 1183 1434 ita
1203 1389 1218 1439 a

119 1457 164 1518 uti
177 1475 232 1536 par
244 1457 341 1518 fuerat
356 1458 486 1518 decernit
501 1473 555 1518 suo
571 1464 659 1536 atque
675 1458 776 1538 populi
790 1457 905 1518 iniussu
920 1459 1035 1520 nullum
1049 1459 1181 1537 potuisse

118 1542 224 1603 foedus
245 1541 317 1602 lieri.
348 1543 449 1604 consul
471 1541 630 1621 impeditus
650 1562 667 1603 a
687 1543 814 1604 tribunis
828 1542 935 1622 plebis,
956 1561 994 1603 ne
1010 1561 1081 1622 quas
1096 1562 1181 1623 para-
1202 1559 1219 1610 4

119 1633 200 1688 verat
216 1627 314 1705 copias
329 1645 431 1688 secum
445 1634 586 1706 portaret,
602 1627 702 1706 paucis
717 1627 819 1688 diebus
834 1627 865 1688 in
879 1627 1007 1688 Africam
1021 1628 1183 1707 proficisci-

68 1717 97 1767 15
118 1719 182 1772 tur:
201 1729 271 1772 nam
288 1711 385 1772 omnis
399 1711 561 1784 exercitus,
576 1713 621 1772 uti
636 1719 826 1785 convenerat,
842 1711 978 1773 Numidia
994 1713 1137 1773 deductus
1151 1713 1183 1773 in

118 1795 268 1876 provincia
293 1796 449 1858 hiemabat.
485 1803 643 1875 postquam
668 1797 819 1868 coacuit,
844 1815 1024 1876 quamquam
1044 1799 1182 1876 persequi
1202 1813 1218 1862 5

117 1881 290 1960 Iugurtham
310 1888 340 1942 et
354 1881 467 1942 mederi
482 1881 629 1942 fraternae
644 1881 767 1968 invidiae
784 1881 883 1942 animo
899 1881 1035 1954 ardebat,
1056 1881 1180 1961 cognitis

117 1967 275 2038 militibus,
298 1984 371 2044 quos
391 1973 508 2046 praeter
521 1966 622 2046 fugam
636 1958 873 2045 solirfdimperio
887 1966 1003 2028 lieentia
1018 1973 1106 2045 atque
1121 1967 1180 2028 las-

118 2051 190 2112 civia
218 2058 408 2130 corruperat,
430 2071 466 2112 ex
486 2050 570 2129 copia
589 2064 690 2112 rerum
709 2051 813 2112 statuit
833 2050 888 2111 sibi
908 2051 982 2112 nihil
1001 2051 1179 2130 agitandum.

63 2143 97 2194 20
116 2135 237 2196 interim
257 2136 369 2197 Romae
386 2135 417 2196 C.
433 2135 577 2196 Mamilius
592 2135 764 2197 Limetanus
783 2136 920 2197 tribunus
939 2135 1032 2216 plebis
1051 2137 1180 2216 rogatio·
1200 2145 1242 2205 40
1272 2187 1275 2195 .

117 2239 186 2281 nem
202 2221 238 2282 ad
254 2221 397 2300 populum
408 2220 583 2300 promulgat,
596 2221 641 2282 uti
653 2229 843 2300 quaereretur
853 2223 884 2282 in
895 2241 956 2295 eos,
969 2239 1096 2301 quorum
1109 2240 1181 2284 oon-

116 2305 180 2366 silio
195 2305 336 2385 iugurtha
356 2305 449 2366 senati
470 2306 586 2366 decreta
605 2306 791 2386 neglegisset,
814 2306 923 2386 quique
944 2306 980 2368 ab
1000 2327 1035 2370 eo
1051 2311 1082 2368 in
1102 2307 1180 2387 lega-

116 2389 246 2452 tionibus
257 2397 309 2452 aut
320 2390 450 2469 imperiis
461 2390 599 2470 pecunias
614 2391 804 2470 accepissent,
821 2391 872 2470 qui
887 2391 1057 2471 elephantos
1073 2393 1180 2472 quiquo

116 2476 252 2555 perfugas
274 2475 479 2547 tradidissent,
500 2476 573 2536 item
596 2477 646 2555 qui
666 2476 702 2536 de
717 2495 788 2555 pace
803 2484 855 2537 aut
868 2476 944 2537 bello
961 2495 1029 2538 cum
1044 2477 1180 2538 hostibus

62 2568 95 2618 25
116 2561 268 2639 pactiones
294 2559 442 2621 iecissent.
483 2560 552 2622 hnic
578 2561 722 2640 rogationi
740 2561 847 2640 partim
870 2561 979 2622 conscii
997 2561 1053 2622 sibi
1076 2561 1124 2621 alii
1144 2576 1216 2628 ex'a
1241 2586 1245 2592 ·

115 2645 245 2726 partium
259 2645 367 2706 invidia
380 2645 508 2724 pericula
519 2651 695 2717 metuentes,
708 2645 848 2723 quoniam
859 2652 960 2724 aperte
970 2645 1108 2706 resistere
1118 2662 1180 2706 non

114 2737 263 2809 poterant,
280 2730 351 2808 quin
365 2729 413 2791 illa
427 2736 458 2790 et
471 2729 526 2791 alia
540 2730 609 2790 talia
623 2730 736 2810 placere
751 2729 806 2790 sibi
817 2729 990 2801 faterentur,
1004 2730 1115 2791 occulte
1127 2747 1181 2808 per

114 2815 226 2876 amicos
242 2834 276 2876 ac
290 2833 428 2876 maxume
442 2833 496 2893 per
510 2815 646 2876 homines
661 2814 791 2874 nominis
801 2813 898 2874 Latini
913 2820 943 2874 et
957 2814 1052 2876 socios
1064 2814 1178 2876 Italicos

114 2899 317 2980 inpedimenta
327 2899 478 2978 parabant.
501 2900 554 2961 sed
565 2899 665 2978 plebes
677 2898 845 2960 incredibile
857 2905 1025 2960 memoratu
1035 2906 1080 2960 est
1089 2917 1178 2978 quam
1200 2915 1215 2965 3

63 2991 94 3041 30
115 2985 228 3046 intenta
247 2984 338 3046 inerit
359 2991 526 3064 quantaque
542 2984 569 3046 vi
583 2984 764 3063 rogationem
778 2983 911 3056 iusserit,
931 2983 1023 3064 magis
1039 2983 1106 3045 odio
1122 3001 1179 3045 no-

113 3070 235 3133 bilitatis
251 3069 298 3130 cui
313 3069 390 3130 mala
404 3069 451 3130 illa
465 3069 658 3148 parabantur,
680 3087 769 3148 quam
785 3087 855 3130 cura
869 3070 913 3130 rei
927 3069 1074 3149 publicae:
1096 3076 1179 3132 tanta

114 3155 214 3216 lubido
229 3153 407 3233 inpartibus
422 3161 494 3215 erat.
517 3153 605 3234 igitur
620 3155 724 3216 ceteris
739 3161 821 3215 metu
836 3155 977 3234 perculsis
987 3154 1024 3214 M.
1038 3154 1175 3227 Scaurus,
1197 3172 1215 3221 4

115 3258 204 3318 quem
218 3239 348 3318 legatum
359 3239 473 3300 bestiae
487 3239 579 3301 fuisse
596 3257 685 3318 supra
696 3239 861 3312 docuimus,
873 3239 951 3300 inter
961 3239 1100 3300 laetitiam
1112 3239 1176 3318 ple-

114 3324 158 3385 bis
173 3331 204 3386 et
218 3341 341 3384 suorum
356 3324 465 3403 fugant
481 3323 595 3404 trepida
609 3325 697 3385 etiam
713 3331 779 3384 tum
794 3324 908 3385 civitate
924 3342 992 3385 cum
1004 3343 1039 3383 ex
1050 3322 1177 3383 Mamilia

63 3417 95 3466 35
115 3410 265 3489 rogatione
280 3415 341 3469 tres
357 3409 536 3488 quaesitores
551 3415 733 3487 rogarentur,
750 3409 885 3470 effecerat
898 3408 942 3468 uti
957 3407 1018 3486 ipse
1030 3406 1061 3466 in
1072 3425 1107 3467 eo
1119 3424 1176 3468 nu-

189 3611 201 3659 1
216 3607 339 3660 nutabant
350 3612 445 3677 scripsi
455 3611 518 3661 conl,
534 3609 593 3662 Tae.
606 3611 671 3662 Hiat.
683 3611 713 3674 2,
727 3609 767 3672 76,
783 3608 858 3674 atique
871 3612 897 3659 ic
908 3604 1071 3660 ‘Basileenet'
1082 3612 1175 3660 extare

116 3677 296 3740 castanaeus,
308 3678 471 3728 mutabantur
481 3678 531 3745 PG,
541 3679 671 3729 mutabant
680 3679 720 3728 oei
727 3677 909 3728 minitabantur
920 3677 1020 3742 dieque
1029 3693 1044 3727 z
1053 3681 1079 3727 et
1090 3693 1175 3728 emen·

116 3745 219 3796 datores
230 3749 258 3795 iae
271 3743 293 3794 0
312 3743 322 3810 ΙΙ
340 3747 357 3796 4
370 3746 458 3796 dolore
469 3747 495 3796 P
510 3744 520 3812 ll
533 3749 548 3796 5
561 3747 628 3810 aulo]
642 3762 663 3796 o.
677 3745 713 3796 ad
720 3763 748 3812 p.
759 3746 802 3809 61,
812 3744 849 3794 33
860 3742 870 3811 ll
883 3745 899 3795 6
915 3743 1010 3795 luerint
1021 3745 1046 3794 P
1056 3743 1066 3812 ΙΙ
1081 3746 1109 3795 11
1130 3762 1175 3796 au·

116 3813 178 3862 xilla
190 3830 226 3863 erc
238 3813 335 3874 amilio
347 3815 371 3866 P
382 3811 392 3881 ΙΙ
407 3814 438 3863 17
453 3814 558 3864 ardebat
570 3831 610 3868 eo
616 3813 715 3865 ardebit
727 3811 772 3879 Pu
787 3813 818 3863 19
836 3813 979 3877 agitandum
990 3811 1041 3876 PC,
1054 3814 1175 3878 agendum

116 3880 161 3930 PC
174 3878 184 3949 11
201 3881 235 3931 20
253 3897 277 3945 g.
290 3881 415 3931 mamillas
428 3879 472 3948 ΡΙΙ
485 3882 617 3947 rogatione
630 3881 674 3947 ΡΙΙ
692 3883 724 3932 22
743 3880 896 3946 neglegisset
909 3879 935 3946 0,
948 3881 1104 3944 neglexisset
1115 3881 1161 3930 PC
1172 3879 1177 3944 Ι

117 3948 148 3998 29
165 3955 306 4000 memoratu
322 3947 347 4012 ip
360 3947 457 4016 esthss
470 3949 503 4000 30
520 3951 625 4002 iusserit
636 3950 691 4012 ΡΟ,
708 3949 813 4008 iusserit
829 3949 972 4000 decreuerit
988 3948 1099 3998 uoluerit
1114 3947 1157 4012 pC
1172 3972 1176 4010 q

117 4016 148 4067 34
159 4017 270 4066 mamilia
282 4017 414 4080 rogatione
427 4017 503 4082 (roga
514 4020 541 4068 io
553 4034 607 4070 ras.
617 4019 649 4083 P)
661 4018 711 4085 PC,
723 4017 828 4068 mamilli
839 4017 879 4068 ool
888 4016 1002 4068 mamillii
1014 4015 1146 4078 rogatione
1157 4013 1178 4062 G
