2846 4682
454 377 497 428 ult
514 376 621 431 BRLLO
639 377 845 435 IUGURTlllNO
1140 381 1181 442 45

113 535 272 633 {ugurthae
296 553 381 598 carus
399 545 599 636 acceptusque
614 538 641 598 ei
659 556 778 618 semper
795 538 901 601 luerat.
932 557 1022 638 quem
1041 539 1088 602 ille
1109 557 1178 604 casn

115 619 286 682 ministrum
311 621 443 682 oblatum
462 623 615 702 promissis
621 631 750 686 onerat
746 623 941 706 inpellitque‚
962 625 1006 686 uti
1025 633 1177 707 nmquam

114 723 199 766 snam
211 706 308 767 visens
319 707 442 768 domum
454 715 510 779 eat,
522 715 675 786 portarum
683 707 769 769 clavis
780 708 959 770 adulterinas
969 718 1100 789 paret—
1108 729 1177 774 narn

115 809 200 852 serae
210 792 246 852 ad
258 791 457 870 Hiempsalem
468 789 670 854 referebantur
679 827 718 837 -
728 799 869 864 ceterum,
882 793 932 854 ubi
943 811 990 854 res
1005 796 1176 874 postularet

77 885 94 932 5
115 893 147 936 se
168 877 266 955 ipsum
287 895 356 937 cum
377 894 482 956 magna
502 894 592 938 manu
606 884 774 938 venturum.
803 877 931 938 Numida
945 881 1082 941 mandata
1097 879 1214 942 brevit

114 961 233 1022 conticit
243 969 341 1040 atque,
357 961 402 1022 uti
413 961 516 1023 doctus
528 969 600 1033 erat,
616 968 707 1022 noctu
718 961 874 1041 Iugurthae
886 962 994 1024 milites
1006 963 1175 1028 introducit.

113 1045 166 1124 qui
184 1053 343 1125 postquam
362 1046 394 1106 in
414 1045 493 1108 aedis
513 1046 665 1126 inrupere,
687 1045 795 1107 divorsi
814 1064 914 1126 regem
929 1065 1084 1126 quaerere,
1106 1049 1176 1110 dor·
1198 1057 1212 1106 t

113 1130 232 1190 mientis
252 1131 325 1191 ahos
351 1130 423 1191 alios
444 1131 625 1192 occursantis
643 1130 822 1202 interficere,
842 1131 967 1192 scrutari
985 1133 1048 1194 loca
1068 1132 1175 1206 abdita,

112 1215 211 1275 clausa
222 1215 383 1293 effringere,
394 1215 520 1295 strepitu
531 1223 561 1276 et
571 1215 702 1276 tumultu
714 1215 813 1276 omnia
825 1216 959 1288 miscere,
977 1235 1044 1278 cum
1056 1217 1175 1279 interim

63 1307 92 1355 ιιι
112 1299 262 1378 Hiempsal
282 1299 429 1379 reperitur
448 1302 599 1361 occultans
618 1317 651 1359 se
668 1300 786 1380 tugurio
807 1300 939 1362 mulieris
959 1301 1094 1375 ancillae,
1116 1321 1176 1383 quo

113 1385 197 1445 initio
216 1384 339 1464 pavidus
362 1392 391 1445 et
409 1385 528 1463 ignarus
547 1384 603 1446 loci
623 1385 799 1464 perfugerat.
830 1384 975 1446 Numidae
998 1395 1086 1466 caput
1101 1388 1173 1459 eius,

113 1470 155 1529 uti
170 1468 243 1529 iussi
257 1477 350 1540 erant,
367 1469 403 1530 ad
418 1470 590 1548 Iugurtham
604 1469 746 1530 referunt.
872 1529 875 1532 .

197 1553 335 1614 Ceterum
355 1553 433 1614 fama
447 1554 521 1615 tanti
535 1553 673 1615 lacinoris
685 1570 875 1650 peromnem
890 1553 1019 1615 Africam
1034 1554 1115 1616 brevi
1127 1556 1173 1618 di·
1198 1557 1236 1621 15

111 1637 252 1716 volgatur.
265 1638 634 1735 Adherbalemomnisque,
641 1656 692 1718 qur
685 1637 779 1698 ''sub
771 1655 896 1718 imperto
904 1637 1040 1718 Micipsae
1048 1641 1173 1712 fuerant

62 1733 91 1782 ιι
106 1731 209 1784 metus
224 1723 342 1784 inuadit.
321 1723 396 1783 tin
411 1723 483 1784 duas
498 1723 589 1802 partis
604 1723 758 1784 discedunt
773 1721 931 1783 Numidae:
938 1725 1046 1819 plures
1061 1710 1174 1786 Adher-

110 1807 206 1868 halem
218 1815 367 1879 secuntur
380 1808 432 1868 sed
443 1808 525 1873 illum
536 1809 662 1870 alterum
673 1807 749 1868 bello
760 1807 908 1868 meliores
937 1805 1025 1885 agitur
1034 1807 1174 1886 Iugurtha
1196 1822 1211 1871 ι

110 1911 201 1971 quam
222 1911 375 1954 maxumas
395 1899 494 1972 potest
512 1893 612 1972 copias
632 1899 740 1962 armat,
763 1890 845 1952 urbis
865 1890 973 1970 partim
989 1891 1017 1951 ri
1036 1892 1107 1954 alias
1122 1913 1175 1954 vo·

110 1977 223 2037 luntate
247 1977 372 2057 imperio
393 1995 448 2038 suo
468 1977 614 2056 adiungit,
642 1975 724 2037 omni
743 1975 898 2036 Numidiae
917 1975 1063 2056 imperare
1082 1986 1174 2057 parat.

109 2061 266 2133 Adherbal,
281 2063 399 2124 tametsi
413 2062 540 2123 Romam
555 2062 665 2140 legatos
680 2061 810 2132 miserat,
827 2059 877 2139 qui
888 2070 1024 2122 senatum
1036 2062 1175 2124 docerent
1196 2076 1211 2126 ι

58 2151 90 2202 2⁰
111 2145 147 2206 de
159 2146 247 2206 caede
258 2147 356 2208 fratris
368 2155 397 2206 et
407 2145 534 2208 inmunis
546 2145 617 2218 suis,
633 2153 733 2207 tamen
744 2145 1034 2207 fretusmultitudine
1047 2147 1173 2208 militnm

111 2230 232 2308 parabat
246 2232 336 2292 armis
351 2231 538 2292 contendere,
564 2230 615 2292 sed
632 2231 683 2292 ubi
698 2249 745 2292 res
760 2229 796 2292 ad
812 2237 960 2292 certamen
975 2231 1064 2302 venit,
1081 2231 1174 2294 victus
1196 2244 1212 2294 4

110 2334 145 2375 ex
164 2316 276 2395 proelio
297 2315 427 2394 profugit
446 2315 477 2376 in
496 2315 678 2396 provinciam
696 2335 730 2376 ac
750 2313 855 2376 deinde
870 2313 997 2376 Romam
1013 2317 1173 2379 contendit.

109 2409 173 2460 tum
189 2400 328 2480 Iugurtha
344 2401 466 2480 patratis
478 2399 615 2471 consiliis,
631 2407 789 2480 postquam
802 2400 901 2460 omnis
912 2399 1067 2461 Numidiae
1078 2402 1173 2481 potie-
1195 2411 1211 2461 t

109 2485 207 2558 batur,
219 2486 250 2545 in
261 2484 321 2546 otio
332 2484 447 2546 lacinus
457 2503 547 2546 snum
558 2503 627 2546 cum
638 2484 738 2546 animo
749 2492 900 2563 reputans,
914 2483 1019 2544 timere
1031 2485 1174 2564 populum

109 2654 230 2714 bilitatis
249 2661 279 2714 et
297 2654 420 2734 pecunia
440 2674 493 2716 sua
513 2673 597 2734 spem
611 2653 728 2715 habere.
759 2652 857 2731 itaque
871 2651 973 2730 paucis
987 2651 1090 2712 diebus
1105 2672 1174 2715 cnm
1195 2661 1212 2712 t

109 2755 182 2800 auro
198 2747 228 2799 et
241 2747 362 2817 argento
378 2739 472 2800 multo
483 2739 611 2800 Romam
625 2739 736 2816 legatos
747 2736 850 2808 mittit,
866 2735 933 2815 quis
944 2736 1094 2814 praecipit,
1110 2738 1172 2817 pri-

110 2841 195 2884 mum
215 2823 259 2884 uti
278 2830 391 2884 veteres
410 2823 522 2884 amicos
537 2821 872 2901 muneribnsexpleant,
895 2819 1000 2880 deinde
1015 2838 1109 2884 novos
1120 2823 1173 2883 ad-

109 2908 236 2987 quirant,
253 2916 406 2987 postremo
420 2925 624 2988 quaecumque
637 2907 753 2988 possint
768 2905 919 2986 largiundo
933 2923 1036 2985 parare
1051 2923 1088 2966 ue
1100 2923 1173 2970 cun·

53 2999 87 3048 ιο
109 3000 235 3070 otentnr.
267 2992 322 3052 sed
336 2993 387 3053 ubi
403 2993 528 3055 Romam
542 2993 629 3073 legati
643 3010 748 3054 venere
763 2999 792 3051 et
807 3011 843 3052 ex
858 3001 1013 3072 praecepto
1027 2991 1103 3072 regis
1117 2991 1173 3053 ho·
1196 2999 1210 3049 t

108 3077 235 3156 spitibus
250 3077 381 3156 aliisque,
398 3073 527 3158 quorum
542 3095 576 3138 ea
590 3083 765 3157 tempestate
779 3075 808 3136 in
824 3083 928 3138 senatu
939 3076 1096 3138 auctoritas
1106 3079 1173 3157 pol·

107 3161 199 3234 lebat,
222 3179 328 3241 magua
347 3181 470 3224 munera
489 3163 611 3235 misere,
631 3169 713 3224 tanta
732 3161 913 3222 conmutatio
932 3159 1068 3234 incessit
1090 3170 1124 3223 nt
1138 3181 1173 3223 ex

108 3264 247 3307 maxuma
258 3246 384 3307 mudra
377 3265 408 3308 m
417 3248 538 3327 gratiam
550 3255 581 3308 et
591 3248 721 3309 favorem
733 3245 1040 3324 nohilitatrslngrutha
1051 3245 1172 3307 veniret

109 3349 239 3410 quorum
259 3349 328 3410 pars
347 3351 400 3410 spe
424 3332 473 3392 alii
492 3331 624 3428 praemio
644 3331 757 3393 inducti
782 3330 914 3409 singulos
933 3347 968 3388 ex
988 3337 1093 3388 senatu
1107 3347 1172 3388 am·
1194 3338 1210 3388 s

55 3417 87 3468 ³⁵
108 3415 220 3477 biundo
239 3413 420 3488 nitebantur,
441 3434 479 3476 ne
500 3417 615 3496 gratim
637 3417 669 3476 in
687 3435 758 3477 eum
778 3414 990 3474 consuleretur.
1019 3411 1109 3490 igitur
1122 3412 1210 3474 ubit

108 3500 193 3580 legati
208 3501 278 3562 satis
293 3501 454 3574 confidunt,
470 3501 517 3562 die
531 3500 692 3563 constituto
707 3505 827 3559 senatus
840 3495 972 3576 utrisque
987 3495 1082 3558 datur.
1107 3504 1171 3558 tum

109 3585 304 3647 Adherbalem
319 3585 376 3647 h'oo
390 3587 481 3647 modo
494 3586 626 3647 locutum
640 3583 816 3662 occepimus.

189 3662 310 3731 ‘Patres
325 3671 498 3750 conscripti,
521 3669 646 3749 Micipsa
655 3675 739 3748 pater
752 3684 836 3727 meus
851 3665 980 3726 moriens
996 3665 1070 3726 mihi
1085 3684 1169 3746 prae·
1193 3663 1233 3727 lt

110 3795 128 3800 .-
142 3795 156 3800 .
157 3792 224 3802 ..,..--
232 3791 292 3798 ...υ-.-

176 3837 192 3886 3
210 3851 282 3886 suam
293 3791 345 3900 ΡΟ,
357 3835 443 3902 snuC,
458 3836 585 3888 unum
597 3834 635 3904 b4
654 3833 833 3886 referebantur
850 3830 952 3901 Puto
941 3833 1094 3898 *irrumpere
1111 3834 1153 3897 (ι’
1141 3851 1169 3884 ιιι

244 3904 260 3956 8
278 3903 500 3955 elcesaitarum
514 3923 535 3955 ι.
549 3903 594 3970 ΡΙ
607 3904 639 3956 13
656 3903 731 3954 breui
741 3902 792 3966 Pe,
804 3901 877 3952 breui
888 3908 1001 3966 ternpore
1014 3899 1055 3965 01
1068 3901 1098 3950 21
1113 3915 1170 3966 spe-

108 3904 182 4022 abab
186 3902 312 4023 Ppgms'
328 3989 356 4039 p.
377 3960 432 4022 259
446 3971 457 4038 1
473 3972 506 4023 29
525 3972 591 4022 omni
609 3971 723 4052 imper
715 3987 725 4021 ι
742 3940 845 4030 rasbral
865 3969 987 4018 numidia
1005 3969 1028 4028 (a
1044 3967 1124 4028 eras.)
1141 3969 1171 4031 P,

108 4039 188 4090 omnis
201 4039 326 4090 numidiae
337 4039 377 4088 ael
387 4040 455 4089 omni
467 4039 576 4090 numidio
585 4036 627 4106 C}
639 4039 669 4088 2ῖ
684 4053 780 4088 romam
793 4037 890 4101 legatos
902 4034 954 4098 PC,
967 4035 1064 4098 legatos
1076 4048 1172 4084 romam

110 4104 150 4174 91
162 4106 288 4172 praecipit
302 4105 323 4156 C
319 4107 468 4174 ,praecepit
480 4106 528 4158 ΡΟ
534 4105 546 4175 Ι
558 4107 590 4156 32
609 4121 713 4156 nonem
724 4121 760 4156 ox
772 4119 874 4154 uenero
886 4105 910 4154 Ρ
