<?xml version="1.0" encoding="UTF-8"?>
<!DOCTYPE html PUBLIC "-//W3C//DTD XHTML 1.0 Transitional//EN"
    "http://www.w3.org/TR/xhtml1/DTD/xhtml1-transitional.dtd">
<html xmlns="http://www.w3.org/1999/xhtml" xml:lang="en" lang="en">
 <head>
  <title>
</title>
<meta http-equiv="Content-Type" content="text/html;charset=utf-8" />
  <meta name='ocr-system' content='tesseract 3.04.00' />
  <meta name='ocr-capabilities' content='ocr_page ocr_carea ocr_par ocr_line ocrx_word'/>
</head>
<body>
  <div class='ocr_page' id='page_1' title='image "./csallusticrispi00jordgoog_0133.png"; bbox 0 0 2854 4678; ppageno 0'>
   <div class='ocr_carea' id='block_1_1' title="bbox 226 385 952 454">
    <p class='ocr_par' dir='ltr' id='par_1_1' title="bbox 226 293 1414 680">
     <span class='ocr_line' id='line_1_1' title="bbox 226 385 952 454; baseline -0.023 -1"><span class='ocrx_word' id='word_1_1' title='bbox 226 391 286 454; x_wconf 73' lang='lat'><strong>120</strong></span> <span class='ocrx_word' id='word_1_2' title='bbox 549 388 598 440; x_wconf 82' lang='lat' dir='ltr'><strong>EX</strong></span> <span class='ocrx_word' id='word_1_3' title='bbox 616 385 776 440; x_wconf 76' lang='lat' dir='ltr'><strong>SALLUSTI</strong></span> <span class='ocrx_word' id='word_1_4' title='bbox 794 386 952 438; x_wconf 83' lang='lat' dir='ltr'><strong>HISTORIIS</strong></span> 
     </span>
    </p>
   </div>
   <div class='ocr_carea' id='block_1_2' title="bbox 171 539 1415 3578">
    <p class='ocr_par' dir='ltr' id='par_1_2' title="bbox 222 539 1415 828">
     <span class='ocr_line' id='line_1_2' title="bbox 222 539 1284 622; baseline -0.004 -18"><span class='ocrx_word' id='word_1_5' title='bbox 222 562 291 604; x_wconf 89' lang='lat' dir='ltr'><strong>mus</strong></span> <span class='ocrx_word' id='word_1_6' title='bbox 301 543 338 604; x_wconf 89' lang='lat' dir='ltr'><strong>de</strong></span> <span class='ocrx_word' id='word_1_7' title='bbox 349 548 494 622; x_wconf 88' lang='lat' dir='ltr'><strong>potestate</strong></span> <span class='ocrx_word' id='word_1_8' title='bbox 505 540 659 603; x_wconf 83' lang='lat' dir='ltr'><strong>tribunicia</strong></span> <span class='ocrx_word' id='word_1_9' title='bbox 670 541 752 621; x_wconf 91' lang='lat' dir='ltr'><strong>loqui</strong></span> <span class='ocrx_word' id='word_1_10' title='bbox 762 561 851 605; x_wconf 91' lang='lat' dir='ltr'><strong>ausus</strong></span> <span class='ocrx_word' id='word_1_11' title='bbox 859 540 1148 603; x_wconf 90' lang='lat' dir='ltr'><strong>mussantibusvobis</strong></span> <span class='ocrx_word' id='word_1_12' title='bbox 1156 539 1284 601; x_wconf 89' lang='lat' dir='ltr'><strong>circum-</strong></span> 
     </span>
     <span class='ocr_line' id='line_1_3' title="bbox 223 624 1285 706; baseline -0.005 -17"><span class='ocrx_word' id='word_1_13' title='bbox 223 635 328 689; x_wconf 91' lang='lat' dir='ltr'><strong>ventus</strong></span> <span class='ocrx_word' id='word_1_14' title='bbox 344 635 414 699; x_wconf 92' lang='lat' dir='ltr'><strong>erat,</strong></span> <span class='ocrx_word' id='word_1_15' title='bbox 429 642 529 688; x_wconf 90' lang='lat' dir='ltr'><strong>tamen</strong></span> <span class='ocrx_word' id='word_1_16' title='bbox 543 627 626 706; x_wconf 90' lang='lat' dir='ltr'><strong>prius</strong></span> <span class='ocrx_word' id='word_1_17' title='bbox 638 627 679 687; x_wconf 92' lang='lat' dir='ltr'><strong>illi</strong></span> <span class='ocrx_word' id='word_1_18' title='bbox 689 627 828 687; x_wconf 91' lang='lat' dir='ltr'><strong>invidiam</strong></span> <span class='ocrx_word' id='word_1_19' title='bbox 839 634 982 694; x_wconf 86' lang='lat' dir='ltr'><strong>metuere,</strong></span> <span class='ocrx_word' id='word_1_20' title='bbox 997 643 1086 704; x_wconf 91' lang='lat' dir='ltr'><strong>quam</strong></span> <span class='ocrx_word' id='word_1_21' title='bbox 1098 645 1150 686; x_wconf 91' lang='lat' dir='ltr'><strong>vos</strong></span> <span class='ocrx_word' id='word_1_22' title='bbox 1162 624 1285 685; x_wconf 87' lang='lat' dir='ltr'><strong>iniuriae</strong></span> 
     </span>
     <span class='ocr_line' id='line_1_4' title="bbox 222 699 1415 828; baseline -0.003 -56"><span class='ocrx_word' id='word_1_23' title='bbox 222 719 389 792; x_wconf 77' lang='lat' dir='ltr'>pertaesum</span> <span class='ocrx_word' id='word_1_24' title='bbox 401 719 456 772; x_wconf 91' lang='lat' dir='ltr'><strong>est.</strong></span> <span class='ocrx_word' id='word_1_25' title='bbox 475 713 554 790; x_wconf 92' lang='lat' dir='ltr'><strong>quod</strong></span> <span class='ocrx_word' id='word_1_26' title='bbox 566 730 620 790; x_wconf 86' lang='lat' dir='ltr'><strong>ago</strong></span> <span class='ocrx_word' id='word_1_27' title='bbox 631 729 746 790; x_wconf 80' lang='lat' dir='ltr'>nequeo</span> <span class='ocrx_word' id='word_1_28' title='bbox 758 712 828 772; x_wconf 91' lang='lat' dir='ltr'><strong>satis</strong></span> <span class='ocrx_word' id='word_1_29' title='bbox 840 711 950 782; x_wconf 91' lang='lat' dir='ltr'><strong>mirari,</strong></span> <span class='ocrx_word' id='word_1_30' title='bbox 962 710 1105 782; x_wconf 75' lang='lat' dir='ltr'>Quirites:</span> <span class='ocrx_word' id='word_1_31' title='bbox 1118 727 1187 770; x_wconf 91' lang='lat' dir='ltr'><strong>nam</strong></span> <span class='ocrx_word' id='word_1_32' title='bbox 1199 727 1284 787; x_wconf 90' lang='lat' dir='ltr'><strong>spem</strong></span> <span class='ocrx_word' id='word_1_33' title='bbox 1413 699 1415 828; x_wconf 57' lang='grc'><strong>1</strong></span> 
     </span>
    </p>

    <p class='ocr_par' dir='ltr' id='par_1_3' title="bbox 186 794 1415 968">
     <span class='ocr_line' id='line_1_5' title="bbox 186 794 1415 873; baseline -0.002 -17"><span class='ocrx_word' id='word_1_34' title='bbox 186 807 203 856; x_wconf 83' lang='grc'>9</span> <span class='ocrx_word' id='word_1_35' title='bbox 222 798 332 858; x_wconf 75' lang='lat' dir='ltr'><strong>frustra</strong></span> <span class='ocrx_word' id='word_1_36' title='bbox 346 796 439 856; x_wconf 88' lang='lat' dir='ltr'><strong>luisse</strong></span> <span class='ocrx_word' id='word_1_37' title='bbox 453 795 645 856; x_wconf 83' lang='lat' dir='ltr'><strong>intellexistis.</strong></span> <span class='ocrx_word' id='word_1_38' title='bbox 673 795 753 856; x_wconf 85' lang='lat' dir='ltr'><strong>Sulla</strong></span> <span class='ocrx_word' id='word_1_39' title='bbox 768 803 897 865; x_wconf 88' lang='lat' dir='ltr'><strong>mortuo,</strong></span> <span class='ocrx_word' id='word_1_40' title='bbox 914 795 964 873; x_wconf 93' lang='lat' dir='ltr'><strong>qui</strong></span> <span class='ocrx_word' id='word_1_41' title='bbox 975 797 1131 855; x_wconf 88' lang='lat' dir='ltr'><strong>scelestum</strong></span> <span class='ocrx_word' id='word_1_42' title='bbox 1143 794 1285 872; x_wconf 86' lang='lat' dir='ltr'><strong>inposuc-</strong></span> <span class='ocrx_word' id='word_1_43' title='bbox 1414 847 1415 854; x_wconf 73' lang='grc'>,</span> 
     </span>
     <span class='ocr_line' id='line_1_6' title="bbox 223 877 1415 968; baseline -0.001 -27"><span class='ocrx_word' id='word_1_44' title='bbox 223 889 270 942; x_wconf 83' lang='grc'><strong>111</strong></span> <span class='ocrx_word' id='word_1_45' title='bbox 283 881 445 952; x_wconf 89' lang='lat' dir='ltr'><strong>servitium,</strong></span> <span class='ocrx_word' id='word_1_46' title='bbox 458 882 548 940; x_wconf 89' lang='lat' dir='ltr'><strong>finem</strong></span> <span class='ocrx_word' id='word_1_47' title='bbox 563 881 632 940; x_wconf 90' lang='lat' dir='ltr'><strong>mali</strong></span> <span class='ocrx_word' id='word_1_48' title='bbox 647 880 818 940; x_wconf 90' lang='lat' dir='ltr'><strong>credebatis.</strong></span> <span class='ocrx_word' id='word_1_49' title='bbox 845 887 929 940; x_wconf 89' lang='lat' dir='ltr'><strong>ortus</strong></span> <span class='ocrx_word' id='word_1_50' title='bbox 944 889 990 939; x_wconf 91' lang='lat' dir='ltr'><strong>est</strong></span> <span class='ocrx_word' id='word_1_51' title='bbox 1003 879 1088 960; x_wconf 82' lang='lat' dir='ltr'><strong>longe</strong></span> <span class='ocrx_word' id='word_1_52' title='bbox 1103 878 1216 938; x_wconf 88' lang='lat' dir='ltr'><strong>saevior</strong></span> <span class='ocrx_word' id='word_1_53' title='bbox 1228 877 1284 938; x_wconf 85' lang='lat' dir='ltr'><strong>Ca·</strong></span> <span class='ocrx_word' id='word_1_54' title='bbox 1306 892 1323 940; x_wconf 76' lang='lat'><strong>5</strong></span> <span class='ocrx_word' id='word_1_55' title='bbox 1413 911 1415 968; x_wconf 60' lang='lat' dir='ltr'><strong>q</strong></span> 
     </span>
    </p>

    <p class='ocr_par' dir='ltr' id='par_1_4' title="bbox 171 961 1286 1026">
     <span class='ocr_line' id='line_1_7' title="bbox 171 961 1286 1026; baseline -0.004 0"><span class='ocrx_word' id='word_1_56' title='bbox 171 973 203 1026; x_wconf 88' lang='lat' dir='ltr'><strong>to</strong></span> <span class='ocrx_word' id='word_1_57' title='bbox 223 967 314 1026; x_wconf 88' lang='lat' dir='ltr'><strong>tulus.</strong></span> <span class='ocrx_word' id='word_1_58' title='bbox 344 965 490 1026; x_wconf 90' lang='lat' dir='ltr'><strong>tumultus</strong></span> <span class='ocrx_word' id='word_1_59' title='bbox 510 965 675 1024; x_wconf 72' lang='lat' dir='ltr'><strong>intercessit</strong></span> <span class='ocrx_word' id='word_1_60' title='bbox 695 965 788 1025; x_wconf 89' lang='lat' dir='ltr'><strong>Bruto</strong></span> <span class='ocrx_word' id='word_1_61' title='bbox 803 971 833 1024; x_wconf 92' lang='lat' dir='ltr'><strong>et</strong></span> <span class='ocrx_word' id='word_1_62' title='bbox 848 963 993 1024; x_wconf 80' lang='lat' dir='ltr'><strong>Mamerco</strong></span> <span class='ocrx_word' id='word_1_63' title='bbox 1008 962 1188 1023; x_wconf 89' lang='lat' dir='ltr'><strong>consulibus.</strong></span> <span class='ocrx_word' id='word_1_64' title='bbox 1217 961 1286 1022; x_wconf 90' lang='lat' dir='ltr'><strong>deiu</strong></span> 
     </span>
    </p>

    <p class='ocr_par' dir='ltr' id='par_1_5' title="bbox 172 1045 1342 1465">
     <span class='ocr_line' id='line_1_8' title="bbox 172 1045 1285 1128; baseline -0.004 -18"><span class='ocrx_word' id='word_1_65' title='bbox 172 1059 201 1110; x_wconf 89' lang='lat' dir='ltr'><strong>ll</strong></span> <span class='ocrx_word' id='word_1_66' title='bbox 224 1050 255 1111; x_wconf 80' lang='lat' dir='ltr'><strong>C.</strong></span> <span class='ocrx_word' id='word_1_67' title='bbox 273 1049 360 1112; x_wconf 82' lang='lat' dir='ltr'><strong>Curio</strong></span> <span class='ocrx_word' id='word_1_68' title='bbox 381 1051 417 1110; x_wconf 93' lang='lat' dir='ltr'><strong>ad</strong></span> <span class='ocrx_word' id='word_1_69' title='bbox 438 1049 560 1110; x_wconf 86' lang='lat' dir='ltr'><strong>exitium</strong></span> <span class='ocrx_word' id='word_1_70' title='bbox 581 1067 675 1128; x_wconf 90' lang='lat' dir='ltr'><strong>usque</strong></span> <span class='ocrx_word' id='word_1_71' title='bbox 690 1049 815 1109; x_wconf 90' lang='lat' dir='ltr'><strong>insontis</strong></span> <span class='ocrx_word' id='word_1_72' title='bbox 829 1048 941 1108; x_wconf 90' lang='lat' dir='ltr'><strong>tribuni</strong></span> <span class='ocrx_word' id='word_1_73' title='bbox 956 1047 1125 1108; x_wconf 87' lang='lat' dir='ltr'><strong>dominatus</strong></span> <span class='ocrx_word' id='word_1_74' title='bbox 1140 1054 1193 1106; x_wconf 85' lang='lat' dir='ltr'><strong>est.</strong></span> <span class='ocrx_word' id='word_1_75' title='bbox 1222 1045 1285 1106; x_wconf 90' lang='lat' dir='ltr'><strong>Lu·</strong></span> 
     </span>
     <span class='ocr_line' id='line_1_9' title="bbox 223 1130 1285 1214; baseline -0.006 -18"><span class='ocrx_word' id='word_1_76' title='bbox 223 1134 316 1196; x_wconf 82' lang='lat' dir='ltr'><strong>tullus</strong></span> <span class='ocrx_word' id='word_1_77' title='bbox 327 1135 477 1214; x_wconf 85' lang='lat' dir='ltr'><strong>superiore</strong></span> <span class='ocrx_word' id='word_1_78' title='bbox 488 1151 566 1194; x_wconf 91' lang='lat' dir='ltr'><strong>auno</strong></span> <span class='ocrx_word' id='word_1_79' title='bbox 578 1133 695 1212; x_wconf 88' lang='lat' dir='ltr'><strong>quantis</strong></span> <span class='ocrx_word' id='word_1_80' title='bbox 707 1132 813 1194; x_wconf 92' lang='lat' dir='ltr'><strong>animis</strong></span> <span class='ocrx_word' id='word_1_81' title='bbox 824 1133 891 1193; x_wconf 88' lang='lat' dir='ltr'><strong>ierit</strong></span> <span class='ocrx_word' id='word_1_82' title='bbox 901 1133 932 1192; x_wconf 93' lang='lat' dir='ltr'><strong>in</strong></span> <span class='ocrx_word' id='word_1_83' title='bbox 944 1131 977 1192; x_wconf 88' lang='lat' dir='ltr'><strong>L.</strong></span> <span class='ocrx_word' id='word_1_84' title='bbox 990 1131 1144 1204; x_wconf 81' lang='lat' dir='ltr'><strong>Quintium</strong></span> <span class='ocrx_word' id='word_1_85' title='bbox 1156 1130 1285 1203; x_wconf 80' lang='lat' dir='ltr'><strong>vidistis3</strong></span> 
     </span>
     <span class='ocr_line' id='line_1_10' title="bbox 223 1215 1286 1298; baseline -0.004 -18"><span class='ocrx_word' id='word_1_86' title='bbox 223 1227 350 1298; x_wconf 83' lang='lat' dir='ltr'><strong>quamae</strong></span> <span class='ocrx_word' id='word_1_87' title='bbox 362 1219 488 1297; x_wconf 89' lang='lat' dir='ltr'><strong>denique</strong></span> <span class='ocrx_word' id='word_1_88' title='bbox 500 1218 574 1277; x_wconf 93' lang='lat' dir='ltr'><strong>mibi</strong></span> <span class='ocrx_word' id='word_1_89' title='bbox 584 1217 688 1277; x_wconf 82' lang='lat' dir='ltr'><strong>turbae</strong></span> <span class='ocrx_word' id='word_1_90' title='bbox 701 1215 899 1277; x_wconf 88' lang='lat' dir='ltr'><strong>concitantur!</strong></span> <span class='ocrx_word' id='word_1_91' title='bbox 912 1235 986 1296; x_wconf 95' lang='lat' dir='ltr'><strong>quae</strong></span> <span class='ocrx_word' id='word_1_92' title='bbox 995 1216 1286 1295; x_wconf 89' lang='lat' dir='ltr'><strong>profectoincassum</strong></span> 
     </span>
     <span class='ocr_line' id='line_1_11' title="bbox 223 1299 1342 1381; baseline -0.002 -17"><span class='ocrx_word' id='word_1_93' title='bbox 223 1304 397 1381; x_wconf 80' lang='lat' dir='ltr'><strong>agebantur,</strong></span> <span class='ocrx_word' id='word_1_94' title='bbox 419 1303 444 1362; x_wconf 91' lang='lat' dir='ltr'><strong>si</strong></span> <span class='ocrx_word' id='word_1_95' title='bbox 459 1303 540 1380; x_wconf 91' lang='lat' dir='ltr'><strong>prius</strong></span> <span class='ocrx_word' id='word_1_96' title='bbox 556 1320 645 1380; x_wconf 93' lang='lat' dir='ltr'><strong>quam</strong></span> <span class='ocrx_word' id='word_1_97' title='bbox 660 1321 713 1362; x_wconf 93' lang='lat' dir='ltr'><strong>vos</strong></span> <span class='ocrx_word' id='word_1_98' title='bbox 727 1301 876 1362; x_wconf 89' lang='lat' dir='ltr'><strong>serviundi</strong></span> <span class='ocrx_word' id='word_1_99' title='bbox 890 1302 997 1365; x_wconf 87' lang='lat' dir='ltr'><strong>linem.</strong></span> <span class='ocrx_word' id='word_1_100' title='bbox 1020 1301 1061 1361; x_wconf 91' lang='lat' dir='ltr'><strong>illi</strong></span> <span class='ocrx_word' id='word_1_101' title='bbox 1075 1299 1286 1361; x_wconf 83' lang='lat' dir='ltr'><strong>domInatiouis</strong></span> <span class='ocrx_word' id='word_1_102' title='bbox 1311 1313 1342 1362; x_wconf 86' lang='lat'><strong>10</strong></span> 
     </span>
     <span class='ocr_line' id='line_1_12' title="bbox 223 1385 1287 1465; baseline -0.002 -17"><span class='ocrx_word' id='word_1_103' title='bbox 223 1387 329 1448; x_wconf 88' lang='lat' dir='ltr'><strong>facturi</strong></span> <span class='ocrx_word' id='word_1_104' title='bbox 349 1394 445 1447; x_wconf 89' lang='lat' dir='ltr'><strong>erant:</strong></span> <span class='ocrx_word' id='word_1_105' title='bbox 466 1386 640 1465; x_wconf 80' lang='lat' dir='ltr'><strong>praesertIm</strong></span> <span class='ocrx_word' id='word_1_106' title='bbox 661 1405 729 1447; x_wconf 92' lang='lat' dir='ltr'><strong>cum</strong></span> <span class='ocrx_word' id='word_1_107' title='bbox 749 1386 796 1446; x_wconf 92' lang='lat' dir='ltr'><strong>bis</strong></span> <span class='ocrx_word' id='word_1_108' title='bbox 813 1385 944 1447; x_wconf 79' lang='lat' dir='ltr'><strong>civilibus</strong></span> <span class='ocrx_word' id='word_1_109' title='bbox 958 1385 1049 1446; x_wconf 89' lang='lat' dir='ltr'><strong>armis</strong></span> <span class='ocrx_word' id='word_1_110' title='bbox 1064 1386 1140 1446; x_wconf 79' lang='lat' dir='ltr'><strong>dIcta</strong></span> <span class='ocrx_word' id='word_1_111' title='bbox 1153 1385 1217 1458; x_wconf 90' lang='lat' dir='ltr'><strong>alia,</strong></span> <span class='ocrx_word' id='word_1_112' title='bbox 1234 1385 1287 1446; x_wconf 90' lang='lat' dir='ltr'><strong>sed</strong></span> 
     </span>
    </p>

    <p class='ocr_par' dir='ltr' id='par_1_6' title="bbox 172 1470 1288 1720">
     <span class='ocr_line' id='line_1_13' title="bbox 172 1470 1287 1550; baseline -0.002 -20"><span class='ocrx_word' id='word_1_113' title='bbox 172 1479 203 1530; x_wconf 83' lang='lat'><strong>12</strong></span> <span class='ocrx_word' id='word_1_114' title='bbox 225 1478 370 1532; x_wconf 89' lang='lat' dir='ltr'><strong>certatum</strong></span> <span class='ocrx_word' id='word_1_115' title='bbox 385 1471 535 1550; x_wconf 88' lang='lat' dir='ltr'><strong>utrimque</strong></span> <span class='ocrx_word' id='word_1_116' title='bbox 551 1472 586 1532; x_wconf 89' lang='lat' dir='ltr'><strong>de</strong></span> <span class='ocrx_word' id='word_1_117' title='bbox 601 1471 801 1532; x_wconf 89' lang='lat' dir='ltr'><strong>dominatione</strong></span> <span class='ocrx_word' id='word_1_118' title='bbox 816 1471 846 1531; x_wconf 93' lang='lat' dir='ltr'><strong>in</strong></span> <span class='ocrx_word' id='word_1_119' title='bbox 861 1471 943 1530; x_wconf 93' lang='lat' dir='ltr'><strong>vobis</strong></span> <span class='ocrx_word' id='word_1_120' title='bbox 958 1471 1005 1531; x_wconf 89' lang='lat' dir='ltr'><strong>sit.</strong></span> <span class='ocrx_word' id='word_1_121' title='bbox 1033 1470 1130 1550; x_wconf 90' lang='lat' dir='ltr'><strong>itaque</strong></span> <span class='ocrx_word' id='word_1_122' title='bbox 1142 1477 1239 1530; x_wconf 88' lang='lat' dir='ltr'><strong>cetera</strong></span> <span class='ocrx_word' id='word_1_123' title='bbox 1250 1487 1287 1529; x_wconf 85' lang='lat' dir='ltr'><strong>ex</strong></span> 
     </span>
     <span class='ocr_line' id='line_1_14' title="bbox 225 1553 1288 1634; baseline -0.002 -19"><span class='ocrx_word' id='word_1_124' title='bbox 225 1555 340 1616; x_wconf 88' lang='lat' dir='ltr'><strong>licentia</strong></span> <span class='ocrx_word' id='word_1_125' title='bbox 355 1563 405 1616; x_wconf 94' lang='lat' dir='ltr'><strong>aut</strong></span> <span class='ocrx_word' id='word_1_126' title='bbox 420 1555 488 1616; x_wconf 93' lang='lat' dir='ltr'><strong>odio</strong></span> <span class='ocrx_word' id='word_1_127' title='bbox 504 1565 554 1616; x_wconf 91' lang='lat' dir='ltr'><strong>aut</strong></span> <span class='ocrx_word' id='word_1_128' title='bbox 568 1555 687 1616; x_wconf 83' lang='lat' dir='ltr'><strong>avaritia</strong></span> <span class='ocrx_word' id='word_1_129' title='bbox 703 1556 734 1614; x_wconf 93' lang='lat' dir='ltr'><strong>in</strong></span> <span class='ocrx_word' id='word_1_130' title='bbox 745 1565 862 1634; x_wconf 90' lang='lat' dir='ltr'><strong>tempus</strong></span> <span class='ocrx_word' id='word_1_131' title='bbox 873 1573 979 1626; x_wconf 91' lang='lat' dir='ltr'><strong>arsere,</strong></span> <span class='ocrx_word' id='word_1_132' title='bbox 996 1553 1158 1634; x_wconf 85' lang='lat' dir='ltr'><strong>permansit</strong></span> <span class='ocrx_word' id='word_1_133' title='bbox 1168 1571 1227 1614; x_wconf 90' lang='lat' dir='ltr'><strong>una</strong></span> <span class='ocrx_word' id='word_1_134' title='bbox 1238 1571 1288 1614; x_wconf 90' lang='lat' dir='ltr'><strong>res</strong></span> 
     </span>
     <span class='ocr_line' id='line_1_15' title="bbox 225 1638 1288 1720; baseline -0.004 -19"><span class='ocrx_word' id='word_1_135' title='bbox 225 1641 324 1712; x_wconf 92' lang='lat' dir='ltr'><strong>modo,</strong></span> <span class='ocrx_word' id='word_1_136' title='bbox 341 1658 416 1720; x_wconf 90' lang='lat' dir='ltr'><strong>quae</strong></span> <span class='ocrx_word' id='word_1_137' title='bbox 430 1640 581 1720; x_wconf 86' lang='lat' dir='ltr'><strong>utrimque</strong></span> <span class='ocrx_word' id='word_1_138' title='bbox 597 1641 727 1718; x_wconf 91' lang='lat' dir='ltr'><strong>quaesita</strong></span> <span class='ocrx_word' id='word_1_139' title='bbox 742 1649 787 1700; x_wconf 89' lang='lat' dir='ltr'><strong>est</strong></span> <span class='ocrx_word' id='word_1_140' title='bbox 801 1648 832 1700; x_wconf 87' lang='lat' dir='ltr'><strong>et</strong></span> <span class='ocrx_word' id='word_1_141' title='bbox 845 1649 945 1718; x_wconf 90' lang='lat' dir='ltr'><strong>erepta</strong></span> <span class='ocrx_word' id='word_1_142' title='bbox 956 1639 987 1699; x_wconf 90' lang='lat' dir='ltr'><strong>in</strong></span> <span class='ocrx_word' id='word_1_143' title='bbox 998 1647 1161 1718; x_wconf 88' lang='lat' dir='ltr'><strong>posterum,</strong></span> <span class='ocrx_word' id='word_1_144' title='bbox 1177 1640 1219 1698; x_wconf 91' lang='lat' dir='ltr'><strong>vis</strong></span> <span class='ocrx_word' id='word_1_145' title='bbox 1230 1638 1288 1698; x_wconf 92' lang='lat' dir='ltr'><strong>tri-</strong></span> 
     </span>
    </p>

    <p class='ocr_par' dir='ltr' id='par_1_7' title="bbox 173 1723 1418 2225">
     <span class='ocr_line' id='line_1_16' title="bbox 173 1723 1343 1805; baseline 0 -21"><span class='ocrx_word' id='word_1_146' title='bbox 173 1734 204 1785; x_wconf 79' lang='grc'><strong>11</strong></span> <span class='ocrx_word' id='word_1_147' title='bbox 225 1723 355 1796; x_wconf 85' lang='lat' dir='ltr'><strong>bonicia,</strong></span> <span class='ocrx_word' id='word_1_148' title='bbox 370 1725 464 1785; x_wconf 91' lang='lat' dir='ltr'><strong>telum</strong></span> <span class='ocrx_word' id='word_1_149' title='bbox 478 1744 495 1785; x_wconf 89' lang='lat' dir='ltr'><strong>a</strong></span> <span class='ocrx_word' id='word_1_150' title='bbox 510 1725 669 1785; x_wconf 88' lang='lat' dir='ltr'><strong>maioribus</strong></span> <span class='ocrx_word' id='word_1_151' title='bbox 684 1725 810 1786; x_wconf 81' lang='lat' dir='ltr'><strong>libertati</strong></span> <span class='ocrx_word' id='word_1_152' title='bbox 823 1732 969 1805; x_wconf 90' lang='lat' dir='ltr'><strong>paratum.</strong></span> <span class='ocrx_word' id='word_1_153' title='bbox 993 1724 1071 1802; x_wconf 93' lang='lat' dir='ltr'><strong>quod</strong></span> <span class='ocrx_word' id='word_1_154' title='bbox 1086 1742 1140 1802; x_wconf 85' lang='lat' dir='ltr'><strong>ego</strong></span> <span class='ocrx_word' id='word_1_155' title='bbox 1154 1742 1208 1783; x_wconf 88' lang='lat' dir='ltr'><strong>vos</strong></span> <span class='ocrx_word' id='word_1_156' title='bbox 1219 1741 1288 1783; x_wconf 94' lang='lat' dir='ltr'><strong>mo·</strong></span> <span class='ocrx_word' id='word_1_157' title='bbox 1312 1736 1343 1784; x_wconf 77' lang='grc'><strong>15</strong></span> 
     </span>
     <span class='ocr_line' id='line_1_17' title="bbox 225 1807 1287 1888; baseline -0.001 -19"><span class='ocrx_word' id='word_1_158' title='bbox 225 1826 282 1869; x_wconf 88' lang='lat' dir='ltr'><strong>neo</strong></span> <span class='ocrx_word' id='word_1_159' title='bbox 299 1827 468 1888; x_wconf 83' lang='lat' dir='ltr'><strong>quaesoque</strong></span> <span class='ocrx_word' id='word_1_160' title='bbox 481 1817 516 1870; x_wconf 93' lang='lat' dir='ltr'><strong>ut</strong></span> <span class='ocrx_word' id='word_1_161' title='bbox 530 1809 769 1870; x_wconf 79' lang='lat' dir='ltr'><strong>animadvortatis</strong></span> <span class='ocrx_word' id='word_1_162' title='bbox 784 1826 842 1869; x_wconf 92' lang='lat' dir='ltr'><strong>neu</strong></span> <span class='ocrx_word' id='word_1_163' title='bbox 854 1809 973 1870; x_wconf 91' lang='lat' dir='ltr'><strong>nomina</strong></span> <span class='ocrx_word' id='word_1_164' title='bbox 983 1826 1083 1868; x_wconf 89' lang='lat' dir='ltr'><strong>rerum</strong></span> <span class='ocrx_word' id='word_1_165' title='bbox 1095 1809 1130 1868; x_wconf 87' lang='lat' dir='ltr'><strong>ad</strong></span> <span class='ocrx_word' id='word_1_166' title='bbox 1142 1807 1287 1888; x_wconf 83' lang='lat' dir='ltr'><strong>ignaviam</strong></span> 
     </span>
     <span class='ocr_line' id='line_1_18' title="bbox 226 1892 1288 1973; baseline -0.002 -19"><span class='ocrx_word' id='word_1_167' title='bbox 226 1901 373 1954; x_wconf 85' lang='lat' dir='ltr'><strong>mutantes</strong></span> <span class='ocrx_word' id='word_1_168' title='bbox 389 1895 482 1955; x_wconf 90' lang='lat' dir='ltr'><strong>otium</strong></span> <span class='ocrx_word' id='word_1_169' title='bbox 497 1912 551 1973; x_wconf 93' lang='lat' dir='ltr'><strong>pro</strong></span> <span class='ocrx_word' id='word_1_170' title='bbox 566 1895 683 1955; x_wconf 89' lang='lat' dir='ltr'><strong>servitio</strong></span> <span class='ocrx_word' id='word_1_171' title='bbox 698 1893 857 1973; x_wconf 88' lang='lat' dir='ltr'><strong>appelletis.</strong></span> <span class='ocrx_word' id='word_1_172' title='bbox 884 1912 942 1970; x_wconf 95' lang='lat' dir='ltr'><strong>quo</strong></span> <span class='ocrx_word' id='word_1_173' title='bbox 954 1893 1013 1954; x_wconf 91' lang='lat' dir='ltr'><strong>iam</strong></span> <span class='ocrx_word' id='word_1_174' title='bbox 1025 1893 1088 1972; x_wconf 92' lang='lat' dir='ltr'><strong>ipso</strong></span> <span class='ocrx_word' id='word_1_175' title='bbox 1099 1893 1167 1964; x_wconf 84' lang='lat' dir='ltr'><strong>frui,</strong></span> <span class='ocrx_word' id='word_1_176' title='bbox 1182 1892 1288 1953; x_wconf 78' lang='lat' dir='ltr'><strong>siverat</strong></span> 
     </span>
     <span class='ocr_line' id='line_1_19' title="bbox 225 1977 1286 2058; baseline -0.001 -20"><span class='ocrx_word' id='word_1_177' title='bbox 225 1985 257 2038; x_wconf 89' lang='lat' dir='ltr'><strong>et</strong></span> <span class='ocrx_word' id='word_1_178' title='bbox 270 1978 393 2039; x_wconf 89' lang='lat' dir='ltr'><strong>honesta</strong></span> <span class='ocrx_word' id='word_1_179' title='bbox 404 1978 545 2058; x_wconf 85' lang='lat' dir='ltr'><strong>flagitium</strong></span> <span class='ocrx_word' id='word_1_180' title='bbox 557 1982 745 2056; x_wconf 87' lang='lat' dir='ltr'><strong>superaverit,</strong></span> <span class='ocrx_word' id='word_1_181' title='bbox 761 1996 822 2038; x_wconf 91' lang='lat' dir='ltr'><strong>uon</strong></span> <span class='ocrx_word' id='word_1_182' title='bbox 833 1984 878 2038; x_wconf 89' lang='lat' dir='ltr'><strong>est</strong></span> <span class='ocrx_word' id='word_1_183' title='bbox 889 1977 1039 2038; x_wconf 91' lang='lat' dir='ltr'><strong>condicio:</strong></span> <span class='ocrx_word' id='word_1_184' title='bbox 1053 1977 1166 2047; x_wconf 83' lang='lat' dir='ltr'><strong>fuisset,</strong></span> <span class='ocrx_word' id='word_1_185' title='bbox 1181 1977 1206 2038; x_wconf 90' lang='lat' dir='ltr'><strong>si</strong></span> <span class='ocrx_word' id='word_1_186' title='bbox 1218 1995 1286 2037; x_wconf 94' lang='lat' dir='ltr'><strong>om·</strong></span> 
     </span>
     <span class='ocr_line' id='line_1_20' title="bbox 227 2061 1286 2141; baseline -0.001 -19"><span class='ocrx_word' id='word_1_187' title='bbox 227 2062 298 2123; x_wconf 93' lang='lat' dir='ltr'><strong>nino</strong></span> <span class='ocrx_word' id='word_1_188' title='bbox 314 2063 477 2141; x_wconf 89' lang='lat' dir='ltr'><strong>quiessetis.</strong></span> <span class='ocrx_word' id='word_1_189' title='bbox 503 2081 583 2123; x_wconf 91' lang='lat' dir='ltr'><strong>nunc</strong></span> <span class='ocrx_word' id='word_1_190' title='bbox 596 2064 729 2123; x_wconf 92' lang='lat' dir='ltr'><strong>animum</strong></span> <span class='ocrx_word' id='word_1_191' title='bbox 744 2065 897 2124; x_wconf 82' lang='lat' dir='ltr'><strong>advortere</strong></span> <span class='ocrx_word' id='word_1_192' title='bbox 912 2071 943 2123; x_wconf 92' lang='lat' dir='ltr'><strong>et</strong></span> <span class='ocrx_word' id='word_1_193' title='bbox 958 2062 1014 2122; x_wconf 92' lang='lat' dir='ltr'><strong>nisi</strong></span> <span class='ocrx_word' id='word_1_194' title='bbox 1031 2061 1172 2135; x_wconf 88' lang='lat' dir='ltr'><strong>viceritis,</strong></span> <span class='ocrx_word' id='word_1_195' title='bbox 1188 2079 1286 2140; x_wconf 91' lang='lat' dir='ltr'><strong>quon·</strong></span> 
     </span>
     <span class='ocr_line' id='line_1_21' title="bbox 227 2146 1345 2225; baseline -0.002 -17"><span class='ocrx_word' id='word_1_196' title='bbox 227 2147 287 2208; x_wconf 92' lang='lat' dir='ltr'><strong>iam</strong></span> <span class='ocrx_word' id='word_1_197' title='bbox 302 2148 401 2207; x_wconf 89' lang='lat' dir='ltr'><strong>omnis</strong></span> <span class='ocrx_word' id='word_1_198' title='bbox 416 2147 520 2207; x_wconf 94' lang='lat' dir='ltr'><strong>iniuria</strong></span> <span class='ocrx_word' id='word_1_199' title='bbox 534 2147 674 2225; x_wconf 80' lang='lat' dir='ltr'><strong>gravitate</strong></span> <span class='ocrx_word' id='word_1_200' title='bbox 688 2147 782 2208; x_wconf 89' lang='lat' dir='ltr'><strong>tutior</strong></span> <span class='ocrx_word' id='word_1_201' title='bbox 795 2155 850 2220; x_wconf 87' lang='lat' dir='ltr'><strong>est,</strong></span> <span class='ocrx_word' id='word_1_202' title='bbox 867 2147 959 2207; x_wconf 87' lang='lat' dir='ltr'><strong>artius</strong></span> <span class='ocrx_word' id='word_1_203' title='bbox 974 2146 1131 2207; x_wconf 88' lang='lat' dir='ltr'><strong>habebunt.</strong></span> <span class='ocrx_word' id='word_1_204' title='bbox 1309 2155 1345 2206; x_wconf 85' lang='grc'><strong>21</strong></span> 
     </span>
    </p>

    <p class='ocr_par' dir='ltr' id='par_1_8' title="bbox 179 2225 1289 2478">
     <span class='ocr_line' id='line_1_22' title="bbox 179 2225 1289 2310; baseline 0.001 -19"><span class='ocrx_word' id='word_1_205' title='bbox 179 2240 211 2291; x_wconf 85' lang='grc'><strong>11</strong></span> <span class='ocrx_word' id='word_1_206' title='bbox 313 2225 401 2302; x_wconf 85' lang='lat' dir='ltr'><strong>‘Quid</strong></span> <span class='ocrx_word' id='word_1_207' title='bbox 422 2249 522 2290; x_wconf 80' lang='lat' dir='ltr'><strong>censes</strong></span> <span class='ocrx_word' id='word_1_208' title='bbox 538 2226 662 2309; x_wconf 68' lang='lat' dir='ltr'><strong>igiturl&#39;</strong></span> <span class='ocrx_word' id='word_1_209' title='bbox 677 2231 781 2309; x_wconf 91' lang='lat' dir='ltr'><strong>aliquis</strong></span> <span class='ocrx_word' id='word_1_210' title='bbox 801 2243 934 2292; x_wconf 88' lang='lat' dir='ltr'><strong>vostrum</strong></span> <span class='ocrx_word' id='word_1_211' title='bbox 955 2231 1120 2292; x_wconf 87' lang='lat' dir='ltr'><strong>subiecerit.</strong></span> <span class='ocrx_word' id='word_1_212' title='bbox 1157 2231 1289 2310; x_wconf 93' lang='lat' dir='ltr'><strong>primum</strong></span> 
     </span>
     <span class='ocr_line' id='line_1_23' title="bbox 230 2315 1287 2396; baseline 0 -21"><span class='ocrx_word' id='word_1_213' title='bbox 230 2315 365 2376; x_wconf 94' lang='lat' dir='ltr'><strong>omnium</strong></span> <span class='ocrx_word' id='word_1_214' title='bbox 382 2315 580 2375; x_wconf 91' lang='lat' dir='ltr'><strong>omittundum</strong></span> <span class='ocrx_word' id='word_1_215' title='bbox 599 2333 713 2376; x_wconf 91' lang='lat' dir='ltr'><strong>morem</strong></span> <span class='ocrx_word' id='word_1_216' title='bbox 730 2317 810 2376; x_wconf 88' lang='lat' dir='ltr'><strong>hunc</strong></span> <span class='ocrx_word' id='word_1_217' title='bbox 826 2335 915 2396; x_wconf 88' lang='lat' dir='ltr'><strong>quem</strong></span> <span class='ocrx_word' id='word_1_218' title='bbox 927 2316 1012 2394; x_wconf 82' lang='lat' dir='ltr'><strong>agitis</strong></span> <span class='ocrx_word' id='word_1_219' title='bbox 1023 2316 1152 2395; x_wconf 86' lang='lat' dir='ltr'><strong>inpigrae</strong></span> <span class='ocrx_word' id='word_1_220' title='bbox 1163 2315 1287 2394; x_wconf 79' lang='lat' dir='ltr'><strong>linguae,</strong></span> 
     </span>
     <span class='ocr_line' id='line_1_24' title="bbox 230 2399 1287 2478; baseline -0.001 -18"><span class='ocrx_word' id='word_1_221' title='bbox 230 2399 321 2460; x_wconf 89' lang='lat' dir='ltr'><strong>animi</strong></span> <span class='ocrx_word' id='word_1_222' title='bbox 345 2399 455 2478; x_wconf 83' lang='lat' dir='ltr'><strong>ignavi,</strong></span> <span class='ocrx_word' id='word_1_223' title='bbox 480 2417 541 2460; x_wconf 90' lang='lat' dir='ltr'><strong>non</strong></span> <span class='ocrx_word' id='word_1_224' title='bbox 566 2400 643 2460; x_wconf 91' lang='lat' dir='ltr'><strong>ultra</strong></span> <span class='ocrx_word' id='word_1_225' title='bbox 666 2400 812 2461; x_wconf 90' lang='lat' dir='ltr'><strong>contionis</strong></span> <span class='ocrx_word' id='word_1_226' title='bbox 835 2407 935 2462; x_wconf 90' lang='lat' dir='ltr'><strong>locum</strong></span> <span class='ocrx_word' id='word_1_227' title='bbox 960 2419 1109 2460; x_wconf 90' lang='lat' dir='ltr'><strong>memores</strong></span> <span class='ocrx_word' id='word_1_228' title='bbox 1133 2399 1287 2461; x_wconf 89' lang='lat' dir='ltr'><strong>libertatis.</strong></span> 
     </span>
    </p>

    <p class='ocr_par' dir='ltr' id='par_1_9' title="bbox 179 2484 1343 2903">
     <span class='ocr_line' id='line_1_25' title="bbox 179 2484 1289 2566; baseline -0.001 -20"><span class='ocrx_word' id='word_1_229' title='bbox 179 2495 210 2546; x_wconf 79' lang='lat' dir='ltr'><strong>tt</strong></span> <span class='ocrx_word' id='word_1_230' title='bbox 230 2484 350 2557; x_wconf 86' lang='lat' dir='ltr'><strong>deiude,</strong></span> <span class='ocrx_word' id='word_1_231' title='bbox 371 2503 408 2545; x_wconf 92' lang='lat' dir='ltr'><strong>ne</strong></span> <span class='ocrx_word' id='word_1_232' title='bbox 424 2503 476 2544; x_wconf 89' lang='lat' dir='ltr'><strong>vos</strong></span> <span class='ocrx_word' id='word_1_233' title='bbox 491 2485 527 2544; x_wconf 92' lang='lat' dir='ltr'><strong>ad</strong></span> <span class='ocrx_word' id='word_1_234' title='bbox 542 2484 633 2545; x_wconf 87' lang='lat' dir='ltr'><strong>virilia</strong></span> <span class='ocrx_word' id='word_1_235' title='bbox 647 2485 695 2545; x_wconf 93' lang='lat' dir='ltr'><strong>illa</strong></span> <span class='ocrx_word' id='word_1_236' title='bbox 710 2503 825 2558; x_wconf 85' lang='lat' dir='ltr'><strong>vocem,</strong></span> <span class='ocrx_word' id='word_1_237' title='bbox 842 2505 902 2566; x_wconf 91' lang='lat' dir='ltr'><strong>quo</strong></span> <span class='ocrx_word' id='word_1_238' title='bbox 916 2485 1050 2546; x_wconf 92' lang='lat' dir='ltr'><strong>tribunos</strong></span> <span class='ocrx_word' id='word_1_239' title='bbox 1065 2485 1173 2564; x_wconf 90' lang='lat' dir='ltr'><strong>plebei,</strong></span> <span class='ocrx_word' id='word_1_240' title='bbox 1197 2485 1289 2546; x_wconf 92' lang='lat' dir='ltr'><strong>modo</strong></span> 
     </span>
     <span class='ocr_line' id='line_1_26' title="bbox 227 2569 1343 2648; baseline 0.002 -20"><span class='ocrx_word' id='word_1_241' title='bbox 227 2569 382 2648; x_wconf 86' lang='lat' dir='ltr'><strong>patricium</strong></span> <span class='ocrx_word' id='word_1_242' title='bbox 407 2569 626 2648; x_wconf 83' lang='lat' dir='ltr'><strong>magistratum,</strong></span> <span class='ocrx_word' id='word_1_243' title='bbox 648 2570 738 2630; x_wconf 86' lang='lat' dir='ltr'><strong>libera</strong></span> <span class='ocrx_word' id='word_1_244' title='bbox 758 2570 794 2631; x_wconf 92' lang='lat' dir='ltr'><strong>ab</strong></span> <span class='ocrx_word' id='word_1_245' title='bbox 814 2570 983 2631; x_wconf 91' lang='lat' dir='ltr'><strong>auctoribus</strong></span> <span class='ocrx_word' id='word_1_246' title='bbox 1003 2569 1132 2648; x_wconf 87' lang='lat' dir='ltr'><strong>patriciis</strong></span> <span class='ocrx_word' id='word_1_247' title='bbox 1152 2569 1289 2648; x_wconf 82' lang='lat' dir='ltr'><strong>suffragia</strong></span> <span class='ocrx_word' id='word_1_248' title='bbox 1309 2580 1343 2630; x_wconf 81' lang='lat'><strong>2⁵</strong></span> 
     </span>
     <span class='ocr_line' id='line_1_27' title="bbox 227 2653 1289 2732; baseline 0 -18"><span class='ocrx_word' id='word_1_249' title='bbox 227 2653 353 2714; x_wconf 87' lang='lat' dir='ltr'><strong>maiores</strong></span> <span class='ocrx_word' id='word_1_250' title='bbox 370 2654 460 2715; x_wconf 87' lang='lat' dir='ltr'><strong>vostri</strong></span> <span class='ocrx_word' id='word_1_251' title='bbox 474 2672 627 2732; x_wconf 81' lang='lat' dir='ltr'><strong>paravere3</strong></span> <span class='ocrx_word' id='word_1_252' title='bbox 642 2673 711 2715; x_wconf 92' lang='lat' dir='ltr'><strong>cum</strong></span> <span class='ocrx_word' id='word_1_253' title='bbox 726 2654 769 2714; x_wconf 93' lang='lat' dir='ltr'><strong>vis</strong></span> <span class='ocrx_word' id='word_1_254' title='bbox 781 2654 887 2726; x_wconf 93' lang='lat' dir='ltr'><strong>omnis,</strong></span> <span class='ocrx_word' id='word_1_255' title='bbox 905 2653 1042 2726; x_wconf 82' lang='lat' dir='ltr'><strong>Quirites,</strong></span> <span class='ocrx_word' id='word_1_256' title='bbox 1058 2655 1089 2714; x_wconf 92' lang='lat' dir='ltr'><strong>in</strong></span> <span class='ocrx_word' id='word_1_257' title='bbox 1101 2653 1181 2714; x_wconf 94' lang='lat' dir='ltr'><strong>vobis</strong></span> <span class='ocrx_word' id='word_1_258' title='bbox 1193 2653 1241 2727; x_wconf 88' lang='lat' dir='ltr'><strong>sit,</strong></span> <span class='ocrx_word' id='word_1_259' title='bbox 1258 2662 1289 2714; x_wconf 90' lang='lat' dir='ltr'><strong>et</strong></span> 
     </span>
     <span class='ocr_line' id='line_1_28' title="bbox 227 2738 1290 2818; baseline 0 -20"><span class='ocrx_word' id='word_1_260' title='bbox 227 2755 302 2817; x_wconf 91' lang='lat' dir='ltr'><strong>quae</strong></span> <span class='ocrx_word' id='word_1_261' title='bbox 317 2739 397 2800; x_wconf 91' lang='lat' dir='ltr'><strong>iussa</strong></span> <span class='ocrx_word' id='word_1_262' title='bbox 411 2756 490 2800; x_wconf 90' lang='lat' dir='ltr'><strong>nunc</strong></span> <span class='ocrx_word' id='word_1_263' title='bbox 504 2757 558 2818; x_wconf 92' lang='lat' dir='ltr'><strong>pro</strong></span> <span class='ocrx_word' id='word_1_264' title='bbox 573 2738 635 2799; x_wconf 91' lang='lat' dir='ltr'><strong>aliis</strong></span> <span class='ocrx_word' id='word_1_265' title='bbox 650 2739 791 2810; x_wconf 91' lang='lat' dir='ltr'><strong>toleratis,</strong></span> <span class='ocrx_word' id='word_1_266' title='bbox 807 2757 861 2818; x_wconf 89' lang='lat' dir='ltr'><strong>pro</strong></span> <span class='ocrx_word' id='word_1_267' title='bbox 877 2739 958 2798; x_wconf 89' lang='lat' dir='ltr'><strong>vobis</strong></span> <span class='ocrx_word' id='word_1_268' title='bbox 974 2754 1058 2817; x_wconf 80' lang='lat' dir='ltr'><strong>agere</strong></span> <span class='ocrx_word' id='word_1_269' title='bbox 1071 2745 1121 2800; x_wconf 88' lang='lat' dir='ltr'><strong>aut</strong></span> <span class='ocrx_word' id='word_1_270' title='bbox 1132 2755 1193 2800; x_wconf 93' lang='lat' dir='ltr'><strong>non</strong></span> <span class='ocrx_word' id='word_1_271' title='bbox 1204 2756 1290 2817; x_wconf 82' lang='lat' dir='ltr'><strong>agere</strong></span> 
     </span>
     <span class='ocr_line' id='line_1_29' title="bbox 229 2823 1289 2903; baseline -0.001 -19"><span class='ocrx_word' id='word_1_272' title='bbox 229 2831 308 2884; x_wconf 91' lang='lat' dir='ltr'><strong>certe</strong></span> <span class='ocrx_word' id='word_1_273' title='bbox 322 2823 456 2902; x_wconf 91' lang='lat' dir='ltr'><strong>possitis,</strong></span> <span class='ocrx_word' id='word_1_274' title='bbox 472 2823 571 2884; x_wconf 92' lang='lat' dir='ltr'><strong>Iovem</strong></span> <span class='ocrx_word' id='word_1_275' title='bbox 587 2831 638 2884; x_wconf 92' lang='lat' dir='ltr'><strong>aut</strong></span> <span class='ocrx_word' id='word_1_276' title='bbox 652 2823 742 2884; x_wconf 92' lang='lat' dir='ltr'><strong>alium</strong></span> <span class='ocrx_word' id='word_1_277' title='bbox 757 2841 846 2903; x_wconf 89' lang='lat' dir='ltr'><strong>quem</strong></span> <span class='ocrx_word' id='word_1_278' title='bbox 862 2824 950 2884; x_wconf 91' lang='lat' dir='ltr'><strong>deum</strong></span> <span class='ocrx_word' id='word_1_279' title='bbox 965 2823 1167 2884; x_wconf 90' lang='lat' dir='ltr'><strong>consultorem</strong></span> <span class='ocrx_word' id='word_1_280' title='bbox 1182 2841 1289 2902; x_wconf 82' lang='lat' dir='ltr'><strong>expec-</strong></span> 
     </span>
    </p>

    <p class='ocr_par' dir='ltr' id='par_1_10' title="bbox 178 2905 1344 3074">
     <span class='ocr_line' id='line_1_30' title="bbox 178 2905 1289 2987; baseline 0 -19"><span class='ocrx_word' id='word_1_281' title='bbox 178 2916 209 2968; x_wconf 85' lang='grc'><strong>11</strong></span> <span class='ocrx_word' id='word_1_282' title='bbox 228 2905 318 2968; x_wconf 78' lang='lat' dir='ltr'><strong>tatIs‘?</strong></span> <span class='ocrx_word' id='word_1_283' title='bbox 340 2925 445 2986; x_wconf 86' lang='lat' dir='ltr'><strong>magna</strong></span> <span class='ocrx_word' id='word_1_284' title='bbox 464 2908 511 2968; x_wconf 94' lang='lat' dir='ltr'><strong>illa</strong></span> <span class='ocrx_word' id='word_1_285' title='bbox 531 2910 686 2968; x_wconf 94' lang='lat' dir='ltr'><strong>consulum</strong></span> <span class='ocrx_word' id='word_1_286' title='bbox 706 2908 828 2986; x_wconf 89' lang='lat' dir='ltr'><strong>imperia</strong></span> <span class='ocrx_word' id='word_1_287' title='bbox 844 2915 873 2968; x_wconf 92' lang='lat' dir='ltr'><strong>et</strong></span> <span class='ocrx_word' id='word_1_288' title='bbox 887 2915 1006 2987; x_wconf 89' lang='lat' dir='ltr'><strong>patrum</strong></span> <span class='ocrx_word' id='word_1_289' title='bbox 1021 2909 1139 2968; x_wconf 89' lang='lat' dir='ltr'><strong>decreta</strong></span> <span class='ocrx_word' id='word_1_290' title='bbox 1153 2927 1205 2968; x_wconf 92' lang='lat' dir='ltr'><strong>vos</strong></span> <span class='ocrx_word' id='word_1_291' title='bbox 1219 2925 1289 2968; x_wconf 85' lang='lat' dir='ltr'><strong>exe-</strong></span> 
     </span>
     <span class='ocr_line' id='line_1_31' title="bbox 229 2991 1344 3074; baseline 0.004 -24"><span class='ocrx_word' id='word_1_292' title='bbox 229 2992 347 3070; x_wconf 89' lang='lat' dir='ltr'><strong>quendo</strong></span> <span class='ocrx_word' id='word_1_293' title='bbox 361 2999 424 3052; x_wconf 92' lang='lat' dir='ltr'><strong>rata</strong></span> <span class='ocrx_word' id='word_1_294' title='bbox 439 2991 569 3063; x_wconf 79' lang='lat' dir='ltr'><strong>efficitis,</strong></span> <span class='ocrx_word' id='word_1_295' title='bbox 585 2991 728 3064; x_wconf 79' lang='lat' dir='ltr'><strong>Quirites,</strong></span> <span class='ocrx_word' id='word_1_296' title='bbox 743 2993 880 3074; x_wconf 89' lang='lat' dir='ltr'><strong>ultroque</strong></span> <span class='ocrx_word' id='word_1_297' title='bbox 894 2993 1042 3052; x_wconf 80' lang='lat' dir='ltr'><strong>licentiam</strong></span> <span class='ocrx_word' id='word_1_298' title='bbox 1056 2993 1087 3052; x_wconf 92' lang='lat' dir='ltr'><strong>in</strong></span> <span class='ocrx_word' id='word_1_299' title='bbox 1102 3011 1153 3052; x_wconf 91' lang='lat' dir='ltr'><strong>vos</strong></span> <span class='ocrx_word' id='word_1_300' title='bbox 1168 2999 1291 3053; x_wconf 90' lang='lat' dir='ltr'><strong>auctum</strong></span> <span class='ocrx_word' id='word_1_301' title='bbox 1310 3005 1344 3056; x_wconf 80' lang='grc'><strong>31</strong></span> 
     </span>
    </p>

    <p class='ocr_par' dir='ltr' id='par_1_11' title="bbox 176 3075 1291 3409">
     <span class='ocr_line' id='line_1_32' title="bbox 176 3075 1288 3155; baseline 0.006 -23"><span class='ocrx_word' id='word_1_302' title='bbox 176 3082 207 3132; x_wconf 78' lang='lat' dir='ltr'><strong>lt</strong></span> <span class='ocrx_word' id='word_1_303' title='bbox 229 3084 317 3154; x_wconf 91' lang='lat' dir='ltr'><strong>atque</strong></span> <span class='ocrx_word' id='word_1_304' title='bbox 333 3075 466 3136; x_wconf 91' lang='lat' dir='ltr'><strong>adiutum</strong></span> <span class='ocrx_word' id='word_1_305' title='bbox 480 3077 653 3154; x_wconf 89' lang='lat' dir='ltr'><strong>properatis.</strong></span> <span class='ocrx_word' id='word_1_306' title='bbox 683 3094 779 3155; x_wconf 90' lang='lat' dir='ltr'><strong>neque</strong></span> <span class='ocrx_word' id='word_1_307' title='bbox 793 3096 846 3155; x_wconf 86' lang='lat' dir='ltr'><strong>ego</strong></span> <span class='ocrx_word' id='word_1_308' title='bbox 861 3096 913 3137; x_wconf 94' lang='lat' dir='ltr'><strong>vos</strong></span> <span class='ocrx_word' id='word_1_309' title='bbox 928 3077 1025 3137; x_wconf 91' lang='lat' dir='ltr'><strong>ultum</strong></span> <span class='ocrx_word' id='word_1_310' title='bbox 1039 3076 1160 3136; x_wconf 88' lang='lat' dir='ltr'><strong>iniurias</strong></span> <span class='ocrx_word' id='word_1_311' title='bbox 1175 3077 1288 3149; x_wconf 83' lang='lat' dir='ltr'><strong>hortor,</strong></span> 
     </span>
     <span class='ocr_line' id='line_1_33' title="bbox 229 3159 1288 3240; baseline 0.004 -22"><span class='ocrx_word' id='word_1_312' title='bbox 229 3159 321 3237; x_wconf 82' lang='lat' dir='ltr'><strong>magis</strong></span> <span class='ocrx_word' id='word_1_313' title='bbox 336 3159 380 3220; x_wconf 93' lang='lat' dir='ltr'><strong>uti</strong></span> <span class='ocrx_word' id='word_1_314' title='bbox 394 3159 673 3239; x_wconf 81' lang='lat' dir='ltr'><strong>requiemcupiatis,</strong></span> <span class='ocrx_word' id='word_1_315' title='bbox 688 3178 784 3240; x_wconf 88' lang='lat' dir='ltr'><strong>neque</strong></span> <span class='ocrx_word' id='word_1_316' title='bbox 800 3161 969 3233; x_wconf 83' lang='lat' dir='ltr'><strong>discordias,</strong></span> <span class='ocrx_word' id='word_1_317' title='bbox 984 3169 1018 3222; x_wconf 92' lang='lat' dir='ltr'><strong>ut</strong></span> <span class='ocrx_word' id='word_1_318' title='bbox 1032 3161 1074 3221; x_wconf 91' lang='lat' dir='ltr'><strong>illi</strong></span> <span class='ocrx_word' id='word_1_319' title='bbox 1085 3163 1288 3233; x_wconf 88' lang='lat' dir='ltr'><strong>criminantur,</strong></span> 
     </span>
     <span class='ocr_line' id='line_1_34' title="bbox 229 3243 1291 3324; baseline 0.003 -20"><span class='ocrx_word' id='word_1_320' title='bbox 229 3243 282 3304; x_wconf 92' lang='lat' dir='ltr'><strong>sed</strong></span> <span class='ocrx_word' id='word_1_321' title='bbox 296 3262 396 3304; x_wconf 88' lang='lat' dir='ltr'><strong>earum</strong></span> <span class='ocrx_word' id='word_1_322' title='bbox 413 3245 502 3304; x_wconf 86' lang='lat' dir='ltr'><strong>linem</strong></span> <span class='ocrx_word' id='word_1_323' title='bbox 519 3243 620 3304; x_wconf 89' lang='lat' dir='ltr'><strong>volens</strong></span> <span class='ocrx_word' id='word_1_324' title='bbox 635 3244 699 3306; x_wconf 91' lang='lat' dir='ltr'><strong>iure</strong></span> <span class='ocrx_word' id='word_1_325' title='bbox 715 3245 846 3324; x_wconf 84' lang='lat' dir='ltr'><strong>gentium</strong></span> <span class='ocrx_word' id='word_1_326' title='bbox 864 3263 910 3306; x_wconf 90' lang='lat' dir='ltr'><strong>res</strong></span> <span class='ocrx_word' id='word_1_327' title='bbox 921 3254 1023 3324; x_wconf 91' lang='lat' dir='ltr'><strong>repeto</strong></span> <span class='ocrx_word' id='word_1_328' title='bbox 1038 3253 1077 3317; x_wconf 85' lang='lat' dir='ltr'><strong>et,</strong></span> <span class='ocrx_word' id='word_1_329' title='bbox 1094 3246 1119 3306; x_wconf 92' lang='lat' dir='ltr'><strong>si</strong></span> <span class='ocrx_word' id='word_1_330' title='bbox 1129 3246 1291 3324; x_wconf 88' lang='lat' dir='ltr'><strong>pertinaci·</strong></span> 
     </span>
     <span class='ocr_line' id='line_1_35' title="bbox 228 3329 1290 3409; baseline 0.003 -21"><span class='ocrx_word' id='word_1_331' title='bbox 228 3335 276 3389; x_wconf 91' lang='lat' dir='ltr'><strong>ter</strong></span> <span class='ocrx_word' id='word_1_332' title='bbox 292 3329 476 3402; x_wconf 91' lang='lat' dir='ltr'><strong>retinebunt,</strong></span> <span class='ocrx_word' id='word_1_333' title='bbox 496 3347 557 3390; x_wconf 92' lang='lat' dir='ltr'><strong>non</strong></span> <span class='ocrx_word' id='word_1_334' title='bbox 578 3347 657 3390; x_wconf 86' lang='lat' dir='ltr'><strong>arma</strong></span> <span class='ocrx_word' id='word_1_335' title='bbox 672 3347 770 3409; x_wconf 90' lang='lat' dir='ltr'><strong>neque</strong></span> <span class='ocrx_word' id='word_1_336' title='bbox 784 3329 995 3403; x_wconf 89' lang='lat' dir='ltr'><strong>secessionem,</strong></span> <span class='ocrx_word' id='word_1_337' title='bbox 1016 3338 1132 3391; x_wconf 91' lang='lat' dir='ltr'><strong>tantum</strong></span> <span class='ocrx_word' id='word_1_338' title='bbox 1147 3331 1237 3392; x_wconf 92' lang='lat' dir='ltr'><strong>modo</strong></span> <span class='ocrx_word' id='word_1_339' title='bbox 1252 3349 1290 3391; x_wconf 93' lang='lat' dir='ltr'><strong>ne</strong></span> 
     </span>
    </p>

    <p class='ocr_par' dir='ltr' id='par_1_12' title="bbox 176 3414 1364 3578">
     <span class='ocr_line' id='line_1_36' title="bbox 176 3414 1364 3494; baseline 0.006 -22"><span class='ocrx_word' id='word_1_340' title='bbox 176 3419 208 3472; x_wconf 81' lang='grc'><strong>18</strong></span> <span class='ocrx_word' id='word_1_341' title='bbox 229 3414 354 3494; x_wconf 90' lang='lat' dir='ltr'><strong>amplius</strong></span> <span class='ocrx_word' id='word_1_342' title='bbox 367 3415 538 3494; x_wconf 84' lang='lat' dir='ltr'><strong>sanguinem</strong></span> <span class='ocrx_word' id='word_1_343' title='bbox 553 3421 686 3475; x_wconf 89' lang='lat' dir='ltr'><strong>vostrum</strong></span> <span class='ocrx_word' id='word_1_344' title='bbox 697 3415 861 3494; x_wconf 90' lang='lat' dir='ltr'><strong>praebeatis</strong></span> <span class='ocrx_word' id='word_1_345' title='bbox 872 3415 1008 3476; x_wconf 88' lang='lat' dir='ltr'><strong>censebo.</strong></span> <span class='ocrx_word' id='word_1_346' title='bbox 1034 3423 1136 3493; x_wconf 84' lang='lat' dir='ltr'><strong>gerant</strong></span> <span class='ocrx_word' id='word_1_347' title='bbox 1146 3416 1290 3476; x_wconf 91' lang='lat' dir='ltr'><strong>babeant·</strong></span> <span class='ocrx_word' id='word_1_348' title='bbox 1311 3429 1364 3479; x_wconf 77' lang='lat'><strong>3⁵.</strong></span> 
     </span>
     <span class='ocr_line' id='line_1_37' title="bbox 229 3499 1288 3578; baseline 0.002 -19"><span class='ocrx_word' id='word_1_349' title='bbox 229 3517 286 3577; x_wconf 93' lang='lat' dir='ltr'><strong>que</strong></span> <span class='ocrx_word' id='word_1_350' title='bbox 301 3517 356 3560; x_wconf 89' lang='lat' dir='ltr'><strong>suo</strong></span> <span class='ocrx_word' id='word_1_351' title='bbox 371 3501 461 3560; x_wconf 94' lang='lat' dir='ltr'><strong>modo</strong></span> <span class='ocrx_word' id='word_1_352' title='bbox 476 3499 607 3578; x_wconf 85' lang='lat' dir='ltr'><strong>imperia,</strong></span> <span class='ocrx_word' id='word_1_353' title='bbox 625 3507 765 3578; x_wconf 89' lang='lat' dir='ltr'><strong>quaerant</strong></span> <span class='ocrx_word' id='word_1_354' title='bbox 778 3499 956 3578; x_wconf 89' lang='lat' dir='ltr'><strong>triumphos,</strong></span> <span class='ocrx_word' id='word_1_355' title='bbox 971 3499 1170 3560; x_wconf 88' lang='lat' dir='ltr'><strong>Mithridatem</strong></span> <span class='ocrx_word' id='word_1_356' title='bbox 1186 3502 1288 3561; x_wconf 88' lang='lat' dir='ltr'><strong>Serto-</strong></span> 
     </span>
    </p>
   </div>
   <div class='ocr_carea' id='block_1_3' title="bbox 228 3699 1291 4170">
    <p class='ocr_par' dir='ltr' id='par_1_13' title="bbox 228 3699 1291 4170">
     <span class='ocr_line' id='line_1_38' title="bbox 299 3699 1288 3769; baseline 0.004 -21"><span class='ocrx_word' id='word_1_357' title='bbox 299 3699 314 3748; x_wconf 94' lang='grc'><strong>2</strong></span> <span class='ocrx_word' id='word_1_358' title='bbox 332 3707 446 3751; x_wconf 82' lang='lat' dir='ltr'><strong>metuere</strong></span> <span class='ocrx_word' id='word_1_359' title='bbox 460 3701 489 3752; x_wconf 92' lang='lat' dir='ltr'><em>V</em></span> <span class='ocrx_word' id='word_1_360' title='bbox 503 3699 512 3769; x_wconf 82' lang='grc'><strong>11</strong></span> <span class='ocrx_word' id='word_1_361' title='bbox 530 3702 547 3752; x_wconf 87' lang='grc'><strong>4</strong></span> <span class='ocrx_word' id='word_1_362' title='bbox 565 3702 731 3752; x_wconf 80' lang='lat' dir='ltr'><strong>intellexistis</strong></span> <span class='ocrx_word' id='word_1_363' title='bbox 746 3705 773 3751; x_wconf 77' lang='lat' dir='ltr'><strong>itt</strong></span> <span class='ocrx_word' id='word_1_364' title='bbox 790 3704 909 3767; x_wconf 75' lang='lat' dir='ltr'><strong>margine</strong></span> <span class='ocrx_word' id='word_1_365' title='bbox 926 3701 955 3752; x_wconf 91' lang='lat' dir='ltr'><em>V</em></span> <span class='ocrx_word' id='word_1_366' title='bbox 970 3699 980 3766; x_wconf 71' lang='grc'><strong>1</strong></span> <span class='ocrx_word' id='word_1_367' title='bbox 998 3702 1014 3752; x_wconf 92' lang='grc'><strong>6</strong></span> <span class='ocrx_word' id='word_1_368' title='bbox 1030 3702 1106 3752; x_wconf 89' lang='lat' dir='ltr'><strong>bruto</strong></span> <span class='ocrx_word' id='word_1_369' title='bbox 1122 3699 1146 3752; x_wconf 79' lang='lat' dir='ltr'><strong>dc</strong></span> <span class='ocrx_word' id='word_1_370' title='bbox 1163 3717 1288 3754; x_wconf 81' lang='lat' dir='ltr'><strong>mamerco</strong></span> 
     </span>
     <span class='ocr_line' id='line_1_39' title="bbox 230 3764 1291 3837; baseline 0.008 -23"><span class='ocrx_word' id='word_1_371' title='bbox 230 3780 282 3815; x_wconf 87' lang='lat' dir='ltr'><strong>cos.</strong></span> <span class='ocrx_word' id='word_1_372' title='bbox 296 3764 331 3829; x_wconf 79' lang='grc'><strong>181</strong></span> <span class='ocrx_word' id='word_1_373' title='bbox 343 3771 370 3816; x_wconf 82' lang='lat' dir='ltr'><strong>in</strong></span> <span class='ocrx_word' id='word_1_374' title='bbox 382 3783 478 3818; x_wconf 80' lang='lat' dir='ltr'><strong>rasura</strong></span> <span class='ocrx_word' id='word_1_375' title='bbox 494 3784 561 3819; x_wconf 82' lang='lat' dir='ltr'><strong>corr.</strong></span> <span class='ocrx_word' id='word_1_376' title='bbox 573 3786 609 3820; x_wconf 72' lang='lat' dir='ltr'><strong>att·-</strong></span> <span class='ocrx_word' id='word_1_377' title='bbox 621 3785 636 3819; x_wconf 84' lang='lat' dir='ltr'><strong>a</strong></span> <span class='ocrx_word' id='word_1_378' title='bbox 648 3774 669 3832; x_wconf 79' lang='grc'><strong>1)</strong></span> <span class='ocrx_word' id='word_1_379' title='bbox 682 3769 711 3820; x_wconf 92' lang='lat' dir='ltr'><em>V</em></span> <span class='ocrx_word' id='word_1_380' title='bbox 721 3767 730 3834; x_wconf 86' lang='lat' dir='ltr'><strong>I</strong></span> <span class='ocrx_word' id='word_1_381' title='bbox 747 3771 775 3817; x_wconf 80' lang='lat' dir='ltr'><strong>tl</strong></span> <span class='ocrx_word' id='word_1_382' title='bbox 788 3786 834 3819; x_wconf 89' lang='lat' dir='ltr'><strong>uos</strong></span> <span class='ocrx_word' id='word_1_383' title='bbox 846 3770 951 3819; x_wconf 79' lang='lat' dir='ltr'><strong>Dietscb</strong></span> <span class='ocrx_word' id='word_1_384' title='bbox 963 3767 972 3837; x_wconf 77' lang='grc'><strong>11</strong></span> <span class='ocrx_word' id='word_1_385' title='bbox 988 3770 1019 3819; x_wconf 91' lang='grc'><strong>16</strong></span> <span class='ocrx_word' id='word_1_386' title='bbox 1031 3771 1096 3819; x_wconf 79' lang='lat' dir='ltr'><strong>enlm</strong></span> <span class='ocrx_word' id='word_1_387' title='bbox 1108 3771 1250 3821; x_wconf 81' lang='lat' dir='ltr'><strong>aduertatis</strong></span> <span class='ocrx_word' id='word_1_388' title='bbox 1262 3770 1291 3822; x_wconf 93' lang='lat' dir='ltr'><em>V</em></span> 
     </span>
     <span class='ocr_line' id='line_1_40' title="bbox 228 3831 1285 3904; baseline 0.007 -22"><span class='ocrx_word' id='word_1_389' title='bbox 228 3831 280 3900; x_wconf 78' lang='grc'><strong>1122</strong></span> <span class='ocrx_word' id='word_1_390' title='bbox 299 3835 463 3885; x_wconf 86' lang='lat' dir='ltr'><strong>omittendum</strong></span> <span class='ocrx_word' id='word_1_391' title='bbox 476 3837 510 3899; x_wconf 91' lang='lat' dir='ltr'><strong>V,</strong></span> <span class='ocrx_word' id='word_1_392' title='bbox 522 3837 683 3887; x_wconf 86' lang='lat' dir='ltr'><strong>amittendum</strong></span> <span class='ocrx_word' id='word_1_393' title='bbox 695 3841 776 3888; x_wconf 74' lang='lat' dir='ltr'><strong>Acus.</strong></span> <span class='ocrx_word' id='word_1_394' title='bbox 787 3853 813 3904; x_wconf 89' lang='lat' dir='ltr'><strong>p.</strong></span> <span class='ocrx_word' id='word_1_395' title='bbox 825 3838 878 3887; x_wconf 82' lang='lat'><strong>212</strong></span> <span class='ocrx_word' id='word_1_396' title='bbox 893 3838 903 3903; x_wconf 85' lang='grc' dir='ltr'><strong>ΙΙ</strong></span> <span class='ocrx_word' id='word_1_397' title='bbox 916 3837 948 3886; x_wconf 85' lang='grc'><strong>23</strong></span> <span class='ocrx_word' id='word_1_398' title='bbox 967 3853 1013 3888; x_wconf 90' lang='lat' dir='ltr'><strong>con</strong></span> <span class='ocrx_word' id='word_1_399' title='bbox 1026 3858 1052 3886; x_wconf 70' lang='lat' dir='ltr'><strong>se</strong></span> <span class='ocrx_word' id='word_1_400' title='bbox 1064 3837 1141 3887; x_wconf 86' lang='lat' dir='ltr'><strong>tionis</strong></span> <span class='ocrx_word' id='word_1_401' title='bbox 1155 3838 1285 3902; x_wconf 82' lang='lat' dir='ltr'><strong>(dieras.)</strong></span> 
     </span>
     <span class='ocr_line' id='line_1_41' title="bbox 230 3899 1286 3972; baseline 0.004 -18"><span class='ocrx_word' id='word_1_402' title='bbox 230 3901 257 3954; x_wconf 92' lang='lat' dir='ltr'><em>V</em></span> <span class='ocrx_word' id='word_1_403' title='bbox 264 3899 273 3968; x_wconf 85' lang='grc' dir='ltr'><strong>ΙΙ</strong></span> <span class='ocrx_word' id='word_1_404' title='bbox 283 3900 316 3952; x_wconf 83' lang='grc'><strong>24</strong></span> <span class='ocrx_word' id='word_1_405' title='bbox 329 3917 377 3968; x_wconf 87' lang='lat' dir='ltr'><strong>quo</strong></span> <span class='ocrx_word' id='word_1_406' title='bbox 389 3903 507 3954; x_wconf 82' lang='lat' dir='ltr'><strong>tribunos</strong></span> <span class='ocrx_word' id='word_1_407' title='bbox 517 3905 599 3970; x_wconf 86' lang='lat' dir='ltr'><strong>plebei</strong></span> <span class='ocrx_word' id='word_1_408' title='bbox 610 3905 643 3966; x_wconf 88' lang='lat' dir='ltr'><strong>V,</strong></span> <span class='ocrx_word' id='word_1_409' title='bbox 652 3919 716 3969; x_wconf 83' lang='lat' dir='ltr'><strong>quae</strong></span> <span class='ocrx_word' id='word_1_410' title='bbox 728 3907 809 3954; x_wconf 77' lang='grc'><strong>111111</strong></span> <span class='ocrx_word' id='word_1_411' title='bbox 819 3909 879 3972; x_wconf 82' lang='lat' dir='ltr'><strong>post</strong></span> <span class='ocrx_word' id='word_1_412' title='bbox 890 3905 974 3969; x_wconf 85' lang='lat' dir='ltr'><strong>plebei</strong></span> <span class='ocrx_word' id='word_1_413' title='bbox 986 3909 1102 3956; x_wconf 77' lang='lat' dir='ltr'><strong>oratione</strong></span> <span class='ocrx_word' id='word_1_414' title='bbox 1114 3910 1184 3955; x_wconf 78' lang='lat' dir='ltr'><strong>racto</strong></span> <span class='ocrx_word' id='word_1_415' title='bbox 1195 3911 1286 3958; x_wconf 83' lang='lat' dir='ltr'><strong>tuctur</strong></span> 
     </span>
     <span class='ocr_line' id='line_1_42' title="bbox 228 3968 1290 4040; baseline 0.004 -20"><span class='ocrx_word' id='word_1_416' title='bbox 228 3968 345 4021; x_wconf 64' lang='lat' dir='ltr'><strong>tructus</strong></span> <span class='ocrx_word' id='word_1_417' title='bbox 360 3971 370 4038; x_wconf 71' lang='grc'><strong>1</strong></span> <span class='ocrx_word' id='word_1_418' title='bbox 392 3971 423 4021; x_wconf 85' lang='grc'><strong>25</strong></span> <span class='ocrx_word' id='word_1_419' title='bbox 441 3972 555 4038; x_wconf 88' lang='lat' dir='ltr'><strong>putribus</strong></span> <span class='ocrx_word' id='word_1_420' title='bbox 570 3971 728 4034; x_wconf 76' lang='lat' dir='ltr'><strong>Ciaccont&#39;tts‚</strong></span> <span class='ocrx_word' id='word_1_421' title='bbox 740 3975 769 4021; x_wconf 86' lang='lat' dir='ltr'><strong>at</strong></span> <span class='ocrx_word' id='word_1_422' title='bbox 779 3973 815 4038; x_wconf 78' lang='lat' dir='ltr'><strong>cf.</strong></span> <span class='ocrx_word' id='word_1_423' title='bbox 829 3972 1004 4024; x_wconf 74' lang='lat' dir='ltr'><strong>illotnmsettus</strong></span> <span class='ocrx_word' id='word_1_424' title='bbox 1014 3973 1043 4024; x_wconf 89' lang='grc'><strong>11.</strong></span> <span class='ocrx_word' id='word_1_425' title='bbox 1055 3973 1086 4024; x_wconf 77' lang='lat' dir='ltr'><strong>F.</strong></span> <span class='ocrx_word' id='word_1_426' title='bbox 1098 3972 1146 4023; x_wconf 86' lang='grc'><strong>111.</strong></span> <span class='ocrx_word' id='word_1_427' title='bbox 1159 3971 1290 4040; x_wconf 64' lang='grc'><strong>11121151</strong></span> 
     </span>
     <span class='ocr_line' id='line_1_43' title="bbox 229 4036 1289 4110; baseline 0.006 -24"><span class='ocrx_word' id='word_1_428' title='bbox 229 4036 262 4086; x_wconf 90' lang='grc'><strong>26</strong></span> <span class='ocrx_word' id='word_1_429' title='bbox 281 4055 338 4104; x_wconf 88' lang='lat' dir='ltr'><strong>qum</strong></span> <span class='ocrx_word' id='word_1_430' title='bbox 353 4049 377 4098; x_wconf 80' lang='lat' dir='ltr'><strong>(a</strong></span> <span class='ocrx_word' id='word_1_431' title='bbox 388 4055 446 4106; x_wconf 83' lang='lat' dir='ltr'><strong>sup.</strong></span> <span class='ocrx_word' id='word_1_432' title='bbox 458 4047 484 4106; x_wconf 82' lang='lat' dir='ltr'><strong>u)</strong></span> <span class='ocrx_word' id='word_1_433' title='bbox 497 4041 537 4091; x_wconf 87' lang='lat' dir='ltr'><strong>uis</strong></span> <span class='ocrx_word' id='word_1_434' title='bbox 547 4039 581 4104; x_wconf 85' lang='lat' dir='ltr'><strong>V,</strong></span> <span class='ocrx_word' id='word_1_435' title='bbox 593 4040 705 4107; x_wconf 88' lang='lat' dir='ltr'><strong>quamuis</strong></span> <span class='ocrx_word' id='word_1_436' title='bbox 717 4056 739 4107; x_wconf 77' lang='lat' dir='ltr'><strong>z,</strong></span> <span class='ocrx_word' id='word_1_437' title='bbox 750 4040 835 4092; x_wconf 80' lang='lat' dir='ltr'><strong>Aldus</strong></span> <span class='ocrx_word' id='word_1_438' title='bbox 847 4039 857 4110; x_wconf 80' lang='grc'><strong>11</strong></span> <span class='ocrx_word' id='word_1_439' title='bbox 871 4041 903 4092; x_wconf 88' lang='grc'><strong>32</strong></span> <span class='ocrx_word' id='word_1_440' title='bbox 921 4041 1027 4108; x_wconf 84' lang='lat' dir='ltr'><strong>cupiatis</strong></span> <span class='ocrx_word' id='word_1_441' title='bbox 1040 4040 1075 4104; x_wconf 91' lang='lat' dir='ltr'><strong>V,</strong></span> <span class='ocrx_word' id='word_1_442' title='bbox 1087 4042 1192 4107; x_wconf 84' lang='lat' dir='ltr'><strong>cupiatis</strong></span> <span class='ocrx_word' id='word_1_443' title='bbox 1202 4043 1289 4092; x_wconf 76' lang='grc'><strong>111111</strong></span> 
     </span>
     <span class='ocr_line' id='line_1_44' title="bbox 228 4109 429 4170; baseline 0.005 -14"><span class='ocrx_word' id='word_1_444' title='bbox 228 4109 286 4170; x_wconf 80' lang='lat' dir='ltr'><strong>quis</strong></span> <span class='ocrx_word' id='word_1_445' title='bbox 297 4110 429 4157; x_wconf 66' lang='grc'><strong>1111111111</strong></span> 
     </span>
    </p>
   </div>
   <div class='ocr_carea' id='block_1_4' title="bbox 0 0 1434 4678">
    <p class='ocr_par' dir='ltr' id='par_1_14' title="bbox 0 0 1434 4678">
     <span class='ocr_line' id='line_1_45' title="bbox 0 0 1434 4678; baseline 0 0"><span class='ocrx_word' id='word_1_446' title='bbox 0 0 1434 4678; x_wconf 95' lang='lat' dir='ltr'><strong> </strong></span> 
     </span>
    </p>
   </div>
  </div>
 </body>
</html>
