2846 4682
548 1008 810 1152 ramnum.

635 1273 725 1284 ...ι-..-

234 1419 407 1500 Sallustium
423 1435 530 1498 edendi
545 1437 701 1498 consilium
716 1437 873 1498 maturavit
884 1437 997 1500 adlatus
1009 1439 1045 1500 ad
1057 1458 1105 1500 me
1116 1455 1211 1520 nuper

144 1537 265 1605 Parisiis
281 1538 373 1599 codex
389 1537 687 1619 omniumquotquot
702 1540 897 1600 innotuerunt
912 1539 1053 1619 optimus,
1070 1539 1121 1618 qui
1135 1540 1212 1602 inter

146 1633 327 1700 Sorbonicos
343 1638 539 1700 bibliothecae
549 1640 708 1720 imperialis
721 1648 766 1705 est
777 1641 887 1712 n500.
911 1641 995 1702 cuius
1006 1641 1072 1702 libri
1081 1642 1210 1721 scriptu-

145 1755 195 1801 rus
216 1757 284 1808 cum
306 1740 337 1800 in
352 1741 571 1803 commentariis
586 1741 779 1802 Dietschianis
798 1742 982 1802 noviciorum
997 1742 1210 1822 exemplarium

145 1840 283 1902 sordibus
310 1841 431 1902 obrutas
455 1843 599 1914 viderem,
625 1843 650 1902 si
674 1843 709 1902 ab
730 1844 883 1922 ingruente
903 1843 1025 1904 materie
1045 1843 1208 1916 liberarem,

139 1941 266 2002 ¹Sallusti
286 1943 466 2004 recensionis
486 1942 678 2004 fundamenta
698 1943 852 2022 sperabam
873 1943 937 2006 fore
958 1951 992 2004 ut
1014 1945 1152 2006 solidiora
1166 1945 1209 2005 ia·

147 2050 293 2104 cenentur.
324 2063 398 2124 quae
419 2063 486 2124 spes
507 2043 644 2124 opinione
664 2045 816 2106 laetiorem
837 2052 980 2122 eventum,
995 2045 1106 2108 habuit.
1140 2064 1209 2108 nam

146 2161 210 2205 non
231 2145 327 2206 solum
349 2146 475 2208 omissus
494 2153 528 2206 ut
547 2145 580 2206 fit
600 2147 741 2207 lectiones
762 2147 870 2208 multas
891 2147 1085 2226 deprehendi,
1106 2167 1209 2211 verum

146 2245 236 2306 etiam
250 2245 329 2307 haud
343 2265 460 2326 paucae,
477 2265 603 2326 quarum
616 2247 724 2328 inipso
736 2249 836 2310 codiee
851 2265 906 2308 nec
916 2249 980 2308 vola
992 2266 1046 2310 nec
1056 2249 1210 2328 vestigium

146 2353 235 2418 esset,
252 2347 335 2426 quasi
350 2349 380 2408 in
395 2369 430 2410 eo
446 2355 579 2410 extarent
589 2348 722 2410 traditas.
754 2349 832 2429 quod
844 2343 885 2410 ne
894 2350 920 2410 ei
931 2351 993 2411 viro
1005 2351 1074 2412 vitio
1086 2357 1208 2421 vertam,

146 2448 199 2529 qui
219 2449 344 2510 contulit
359 2450 508 2523 codicem,
524 2451 576 2510 sed
592 2451 707 2525 editori,
723 2458 824 2520 movet
839 2451 928 2512 huius
943 2451 1055 2513 incuria
1070 2470 1127 2531 qua
1142 2451 1207 2517 Mo-

144 2549 282 2611 nacensis
303 2550 411 2611 codicis
432 2551 657 2630 discrepantiam
679 2571 696 2612 a
715 2570 747 2612 se
767 2552 926 2632 excriptam
946 2571 1062 2631 quaque
1077 2553 1207 2613 Vaticani

144 2650 182 2716 ab
197 2649 325 2710 Henricc
337 2651 470 2711 Brunnio
483 2657 631 2711 enotatam
644 2653 784 2730 corrupit.
816 2670 906 2731 quare
918 2652 953 2711 de
965 2653 1046 2712 hisce
1058 2653 1207 2713 codicibus

144 2769 351 2834 quaecumque
372 2751 507 2810 adnotavi
529 2759 658 2838 meamet
677 2752 734 2812 lide
749 2751 804 2812 niti
819 2769 937 2812 moneo.
968 2771 1088 2832 perraro
1104 2753 1208 2814 accidit

143 2861 181 2937 ut
193 2855 228 2916 dc
244 2853 388 2932 scriptura
402 2869 483 2913 nunc
498 2843 617 2933 quoque
632 2853 840 2928 dubitaverim,
857 2871 981 2933 eamque
995 2854 1206 2916 dubitationem

143 2957 229 3018 solita
249 2962 320 3016 nota
340 2954 473 3015 indicavi.
503 2962 635 3016 ceterum
652 2955 793 3036 quoniam
807 2947 933 3016 Hermae
948 2952 1095 3018 v‘olumine
1109 2958 1206 3037 primo

143 3078 173 3139 p.
190 3055 252 3118 229
259 3075 299 3118 ss.
315 3057 449 3136 pluribus
466 3057 501 3118 de
517 3057 585 3118 crisi
600 3057 773 3138 Sallustiana
789 3057 942 3138 disputavi,
954 3058 1087 3119 hocloco
1100 3059 1207 3138 quibus

143 3177 197 3238 ego
213 3165 243 3220 et
258 3158 397 3220 subsidiis
413 3165 442 3220 et
456 3158 620 3220 rationibus
635 3176 699 3219 rem
715 3159 823 3238 egerim
838 3159 939 3240 paucis
955 3160 1114 3221 absolvam.

230 3259 442 3321 Catilinarii
463 3261 550 3340 igitur
571 3268 600 3321 et
615 3259 828 3340 Iugurthini
842 3261 935 3322 belli
950 3262 1085 3323 codicum
1099 3279 1205 3340 genera

144 3362 270 3423 maxime
278 3363 337 3422 duo
348 3381 413 3423 esse
423 3362 551 3441 adparet,
564 3363 688 3423 alterum
698 3379 802 3423 eorum
811 3363 860 3442 qui
870 3362 1033 3440 Iugurthini
1040 3371 1123 3440 parte
1132 3380 1206 3442 qua-

145 3463 212 3522 dam
218 3461 255 3540 (c.
266 3463 335 3534 103,
343 3463 423 3522 2-1
431 3463 518 3542 123)
526 3464 653 3524 truncati
660 3471 740 3536 sunt,
753 3464 878 3523 alterum
885 3479 990 3522 eorum
997 3463 1047 3540 qui
1054 3462 1208 3542 integn'3et

143 3563 184 3625 illi
198 3563 317 3642 quidem
334 3564 450 3625 saeculo
463 3564 577 3626 decimo
590 3565 690 3643 scripti
707 3571 777 3624 sunt
788 3563 919 3644 plerique
933 3582 1045 3637 omncs,
1058 3563 1115 3624 nisi
1126 3566 1205 3643 quod

143 3665 293 3726 Parisinus
305 3671 407 3726 noster
419 3672 540 3745 propter
552 3683 570 3724 a
581 3671 698 3744 apertae
710 3672 739 3725 et
751 3684 770 3724 a
782 3663 895 3744 clausae
906 3667 1110 3746 promiscuum
1116 3685 1205 3728 usum

143 3767 242 3847 potius
256 3784 338 3827 nono
353 3767 443 3828 tribui
459 3767 563 3828 debere
578 3767 702 3838 videtur,
720 3767 829 3827 horum
841 3767 1065 3847 antiquissimus
1078 3769 1205 3847 scriptus

144 3873 189 3928 est
204 3869 320 3929 saeculo
335 3860 491 3941 undecimo
507 3869 600 3930 codex
613 3869 796 3930 Monacensis
808 3869 856 3928 lat.
872 3869 983 3928 14477.
1015 3869 1119 3930 deinde
1130 3869 1206 3928 inter

143 3971 320 4034 recentiores
334 3964 427 4032 lib'ros
442 3970 527 4053 pauci
541 3971 660 4052 quidam
675 3971 759 4050 cique
774 3971 890 4032 saeculo
901 3969 981 4030 Xllll
992 3969 1121 4032 iuniores
1133 3969 1207 4042 (ter-
