2846 4682
207 380 248 441 54
575 371 923 468 osamusrrcmsrr·

205 549 258 612 per
277 529 420 632 amicitiae
440 528 543 601 fidem,
564 528 589 589 si
609 527 667 590 ulla
683 529 761 608 apud
775 547 828 589 vos
843 528 988 590 memoria
1001 534 1135 590 remanet
1149 529 1195 590 avi
1209 529 1272 590 mei

204 615 382 678 Masinissae.

142 701 185 762 25
209 685 212 697 ⁹
290 700 342 760 His
356 699 461 760 litteris
476 698 605 760 recitatis
615 699 708 770 fuere,
725 697 777 777 qui
788 697 949 758 exereitum
960 697 992 758 in
1002 697 1132 759 Africam
1142 698 1271 760 mittun·

206 785 278 846 dum
302 790 456 846 conserent
473 789 505 844 et
523 801 612 864 quam
631 783 762 863 primum
779 781 934 844 Adherbali
955 782 1205 856 subveniundum,
1232 783 1270 844 de
1415 854 1418 863 ¹

205 870 346 949 lugtutha
360 869 480 930 interim
494 869 538 929 uti
549 869 761 940 consuleretur,
777 867 917 945 quoniam
929 867 1029 947 legatis
1040 885 1102 928 non
1113 869 1267 948 paruisset.
1292 877 1308 926 5

168 966 185 1017 2
205 955 258 1016 sed
272 955 309 1016 ab
322 955 435 1016 eisdem
449 953 505 1014 illis
519 953 596 1034 regis
606 952 770 1014 fautoribus
781 971 899 1014 summa
911 971 966 1032 ope
978 953 1093 1014 enisum
1108 960 1154 1014 est
1163 970 1202 1014 ue
1211 953 1268 1014 tale

169 1047 184 1097 a
206 1039 358 1100 decretum
378 1040 471 1100 tieret.
500 1039 541 1099 ita
559 1039 672 1099 bonum
691 1037 856 1118 publicum,
879 1043 913 1098 ut
932 1039 963 1098 in
982 1037 1129 1122 plerisque
1144 1038 1268 1118 negotiis
1341 1073 1345 1078 ·

168 1132 185 1182 t
205 1123 290 1196 solet,
305 1124 417 1203 privata
431 1123 522 1202 gratia
536 1123 693 1184 devictum.
723 1122 856 1201 legantur
869 1129 971 1183 umen
984 1123 1016 1182 in
1030 1123 1158 1184 Africam
1172 1122 1269 1183 maio-

205 1214 253 1270 res
267 1215 339 1269 natu
353 1208 482 1281 nobiles,
496 1207 601 1286 amplis
614 1207 776 1268 bonoribus
790 1207 847 1268 usi.
877 1207 909 1266 in
923 1207 989 1286 quis
1004 1207 1061 1267 fuit
1075 1206 1113 1266 M.
1130 1208 1267 1280 Securus,

206 1293 242 1353 de
258 1311 318 1371 quo
332 1310 422 1370 supra
435 1292 675 1364 memoravimus,
691 1292 853 1352 consularis
868 1299 897 1352 et
911 1298 977 1352 tum
991 1298 1111 1353 senatus
1122 1293 1267 1372 princeps.
1293 1299 1325 1348 lo

170 1386 186 1434 s
207 1377 242 1448 ei,
261 1377 340 1455 quod
354 1395 401 1437 res
415 1376 448 1436 in
461 1376 568 1438 invidia
579 1383 650 1448 erat,
667 1377 756 1437 simul
767 1382 797 1436 et
808 1377 844 1436 ab
856 1376 990 1437 Numidis
1002 1377 1154 1449 obsecrati,
1169 1377 1270 1439 triduo

206 1461 302 1522 navim
319 1461 485 1522 ascendere.
508 1461 577 1522 dein
587 1461 668 1522 brevi
678 1460 792 1521 Uticam
805 1461 919 1540 adpulsi
929 1461 1038 1522 litteras
1050 1461 1086 1522 ad
1098 1461 1269 1540 lugautbam

207 1545 344 1617 mittunt,
366 1563 455 1624 quarn
477 1545 624 1606 ocissume
643 1545 680 1607 ad
700 1545 882 1624 provinciam
902 1545 1024 1606 adcedat
1043 1563 1134 1624 seque
1149 1547 1185 1607 ad
1199 1564 1269 1607 eum

169 1640 185 1690 o
205 1629 242 1690 ab
256 1637 361 1692 senatu
371 1630 488 1690 missos.
516 1629 562 1690 ille
573 1630 625 1691 ubi
635 1630 747 1710 accepit
757 1630 893 1691 homines
905 1631 1008 1702 claros,
1025 1631 1153 1709 quorum
1164 1637 1269 1692 aucto·

205 1713 323 1775 ritatem
337 1714 449 1776 Rornae
462 1715 573 1794 pollere
587 1715 746 1787 audiverat,
762 1723 865 1776 contra
878 1715 1031 1794 inceptum
1045 1733 1134 1776 suum
1144 1715 1267 1788 venisse,
1291 1723 1322 1772 1⁵

169 1812 184 1861 7
205 1799 302 1880 primo
317 1805 475 1861 conmotus
489 1806 573 1860 metu
587 1806 675 1878 atque
689 1799 820 1860 lubidine
834 1799 969 1860 divorsus
983 1799 1153 1878 agitabatm.
1178 1800 1269 1861 time-

205 1883 255 1944 bat
265 1884 340 1944 iram
351 1891 481 1957 senatus,
497 1885 529 1944 ni
539 1885 685 1964 paruisset
695 1883 812 1963 legatis:
824 1902 914 1964 porro
925 1885 1041 1944 anhnus
1053 1885 1189 1964 cupidine
1200 1903 1267 1946 oae-

169 1977 185 2028 s
207 1987 258 2029 cus
278 1969 315 2029 ad
330 1969 481 2048 inceptum
495 1969 590 2030 scelus
605 1968 782 2050 rapiebatur.
812 1969 880 2030 vicit
892 1976 994 2030 tamen
1008 1969 1040 2029 in
1054 1970 1138 2030 avido
1149 1970 1266 2049 ingenio

168 2063 185 2114 9
205 2070 327 2132 pravom
342 2054 508 2114 consilium.
539 2054 627 2132 igitur
641 2054 772 2115 exercitu
786 2054 966 2116 circumdato
982 2072 1100 2114 summa
1113 2054 1141 2115 vi
1156 2055 1294 2131 Cirtam,

138 2180 189 2282 ru
206 2131 1278 2285 tutatilllaltllllttttltdldtliltldlutt
1289 2143 1323 2194 ²⁰

206 2323 303 2384 neque
319 2307 398 2386 quod
410 2307 576 2367 intenderat
586 2307 704 2369 efficere
714 2315 820 2387 potest,
835 2315 869 2368 ut
879 2243 962 2388 {rius
974 2327 1062 2387 quam
1074 2243 1184 2387 legaios
1196 2325 1268 2370 eon-

206 2391 319 2450 veniret
329 2391 501 2452 Adherbalis
511 2393 666 2470 potiretur,
679 2411 717 2454 ue
727 2392 852 2471 amplius
864 2393 1006 2454 morando
1021 2393 1165 2454 Scaurum
1178 2411 1274 2472 quem

206 2473 379 2554 plurumum
393 2475 544 2536 metuebat
558 2477 735 2549 incenderet,
752 2495 819 2538 cum
835 2479 935 2557 paucis
947 2478 1096 2556 equitibus
1107 2478 1138 2538 in
1149 2479 1269 2557 provin-

155 2571 184 2622 11
207 2559 282 2620 ciam
297 2561 385 2622 venit.
417 2579 450 2622 ac
465 2561 583 2622 tametsi
598 2563 691 2623 senati
705 2562 801 2624 verbis
815 2581 916 2641 graves
931 2563 1028 2623 minae
1044 2563 1266 2634 condebantur,
1288 2569 1324 2620 25

208 2644 287 2722 quod
301 2645 338 2705 ab
353 2646 570 2726 oppugnatione
583 2663 645 2708 non
656 2648 819 2718 desisteret,
835 2648 928 2709 multa
938 2655 1040 2708 tamen
1051 2648 1183 2709 oratione
1195 2665 1267 2710 oon-

143 2731 186 2791 eo
206 2737 325 2808 sumpta
338 2731 425 2809 legati
438 2731 548 2792 frustra
562 2731 731 2794 discessere.
756 2751 792 2792 ea
807 2740 964 2811 postquam
975 2733 1070 2794 Cirtae
1081 2733 1179 2796 audita
1188 2741 1268 2806 sunt,

205 2813 311 2886 italici,
333 2833 463 2894 quorum
482 2817 590 2878 virtute
610 2818 727 2878 moenie
741 2817 983 2890 defensabantur,
1005 2817 1108 2878 confisi
1121 2818 1269 2879 deditione
1322 2889 1326 2897 ι

205 2898 280 2959 facta
299 2907 423 2978 propter
441 2901 673 2980 magnitudinem
693 2901 793 2982 populi
807 2901 934 2962 Romani
948 2902 1100 2963 inviolatos
1114 2921 1179 2964 sese
1193 2903 1267 2974 fore,

205 2981 360 3044 Adherbali
374 2985 499 3045 suadent
512 2985 557 3046 uti
568 3005 659 3065 seque
670 2994 700 3046 et
710 2983 852 3066 oppidum
863 2987 1019 3066 Iugurthae
1031 2987 1136 3062 tradat,
1151 2995 1268 3049 tantum
1289 2992 1325 3044 so

168 3076 185 3126 2
205 3065 241 3126 ab
257 3084 292 3126 eo
307 3066 397 3128 vitam
412 3068 583 3147 paciscatur,
599 3071 635 3132 de
651 3071 755 3132 ceteris
769 3073 884 3132 senatui
898 3090 985 3134 curae
1000 3072 1073 3134 iore.
1104 3080 1134 3134 at
1148 3073 1205 3146 ille,
1221 3081 1267 3135 ta-
1284 3073 1286 3076 ’

204 3150 292 3211 metsi
303 3153 402 3212 omnia
413 3153 527 3232 potiora
537 3155 594 3216 lide
605 3155 761 3236 Iugurthae
771 3156 899 3230 rebatur,
912 3165 1013 3218 tamen
1023 3157 1091 3236 quia
1100 3175 1191 3238 penes
1200 3178 1268 3220 cos·

205 3235 282 3307 dem,
294 3235 319 3296 si
330 3237 542 3312 adversaretur,
555 3241 680 3319 cogundi
691 3248 821 3320 potestas
834 3250 904 3314 erat,
917 3243 957 3303 ita
967 3242 1012 3303 uti
1023 3245 1197 3305 censuerant
1207 3244 1267 3304 Ita·

168 3329 183 3380 3
204 3319 251 3380 lici
263 3320 442 3383 deditionem
454 3323 531 3384 facit.
555 3325 694 3404 Iugurtha
706 3327 850 3406 inprimis
862 3327 1056 3390 Adherbalem
1068 3329 1267 3392 excruciatum

203 3412 299 3478 necat,
314 3407 421 3468 deinde
432 3409 528 3470 omnis
539 3404 664 3490 puberes
676 3411 817 3472 Numidas
829 3419 917 3490 atque
927 3413 1124 3490 negotiatores
1136 3415 1265 3494 promis·
1288 3423 1322 3474 ³5

205 3507 266 3562 cue,
283 3492 328 3552 uti
341 3493 466 3572 quisque
481 3496 600 3556 armatis
616 3495 718 3556 obvius
732 3495 836 3569 luerat,
853 3496 999 3558 interficit.

141 3576 183 3637 27
289 3577 375 3649 Quod
396 3585 553 3657 postquam
575 3581 687 3642 Rornae
707 3581 857 3661 cognitum
872 3588 918 3644 est
932 3589 962 3642 et
976 3599 1024 3643 res
1039 3583 1071 3644 in
1086 3591 1190 3646 senatu
1204 3586 1267 3666 agi-

272 3759 287 3808 3
305 3757 385 3813 africa
393 3763 418 3813 P
428 3761 438 3830 li
451 3765 467 3814 4
479 3780 552 3830 quara
563 3781 599 3815 ec
611 3767 715 3832 quemP
727 3763 737 3833 κ
750 3766 765 3816 6
778 3767 873 3816 enisum
886 3775 926 3818 est
936 3768 962 3830 t',
973 3768 1069 3818 enisum
1083 3785 1103 3818 ,a
1113 3771 1172 3831 (nco
1181 3762 1224 3835 ἦ)
1235 3770 1265 3834 Ρ,

205 3824 302 3874 enisum
315 3825 355 3892 Gi
369 3829 384 3876 9
402 3831 443 3880 usi
453 3831 508 3896 PC,
520 3849 570 3883 om.
585 3833 606 3883 0
614 3833 625 3900 i
640 3834 670 3882 10
689 3841 792 3884 senatus
808 3835 923 3902 princeps
935 3836 990 3901 PC,
1007 3837 1032 3885 ia
1044 3845 1134 3888 senatu
1147 3839 1264 3904 princeps

206 3891 247 3960 Cli
263 3893 292 3942 12
302 3895 434 3963 nauimpC,
444 3899 603 3968 nauemPCll
618 3901 648 3950 17
661 3901 753 3965 legatis
766 3903 908 3966 relegatus
918 3905 943 3954 P
953 3901 964 3969 ΙΙ
978 3904 1008 3953 18
1018 3905 1141 3971 rapiebat·
1157 3907 1161 3970 Ι
1177 3908 1265 3974 {paeno-

204 3963 261 4010 tum
271 3959 329 4011 odd.
340 3965 369 4030 p)
378 3966 408 4027 P,
421 3967 536 4031 rapiebat
551 3972 599 4018 aot
611 3968 756 4034 rapiebatur
770 3970 791 4020 C
799 3968 809 4036 ΙΙ
825 3971 855 4020 19
873 3970 1061 4022 circumdatos.
1075 3990 1096 4024 s.
1110 3975 1192 4038 (cras.
1205 3990 1265 4024 con-

203 4031 318 4092 gregato)
329 4030 373 4099 Pi
386 4033 418 4082 20
431 4034 530 4085 diducta
542 4034 566 4100 0,
580 4037 656 4087 ducta
664 4035 729 4104 Pop
743 4037 773 4086 21
793 4037 953 4088 inuenturum
962 4055 997 4089 erc
1005 4040 1164 4091 inuecturum
1174 4043 1198 4091 Ρ
1209 4039 1219 4108 p
1232 4042 1264 4091 25

203 4111 294 4158 graues
307 4102 373 4163 mine
384 4117 419 4152 ea
430 4103 580 4169 gravissime
593 4103 637 4172 ΡΙῙ
650 4104 682 4154 35
700 4105 824 4170 promisce
836 4107 860 4157 P
871 4104 881 4174 ss
894 4105 926 4156 36
944 4108 1048 4158 armatis
1059 4107 1085 4173 0,
1097 4115 1209 4160 armatus
1221 4109 1268 4160 PC
