2846 4682
235 367 280 438 ‘tc
607 373 634 425 c.
653 373 812 426 saccosrr
831 373 942 426 miser.

237 529 325 609 oepit,
341 525 385 590 uti
397 529 482 608 regni
492 525 646 590 Numidiae
657 535 772 590 tantum
784 527 874 588 modo
885 528 1125 608 procurationem
1136 529 1300 590 existuma-
1398 579 1403 598 ,

237 629 301 674 rem
315 608 427 686 meam,
440 621 572 676 ceterum
588 613 634 674 ius
645 621 675 674 et
689 613 848 692 imperium
863 613 927 673 eius
941 629 1032 692 penes
1046 631 1099 674 vos
1115 631 1194 686 esse3
1210 613 1300 676 simul

237 698 364 759 eniterer
382 698 463 759 domi
483 698 659 777 militiaeque
679 715 768 778 quam
788 715 928 758 maxumo
947 697 1015 757 usui
1030 715 1095 757 esse
1109 697 1220 777 populo
1236 699 1300 759 Ro-

238 799 344 854 mano,
365 801 417 844 vos
432 783 505 844 mihi
520 790 729 862 cognatorum,
749 800 801 842 ros
816 781 956 842 adfinium
972 783 1038 842 loco
1053 782 1207 842 ducerem:
1224 783 1249 842 si
1263 801 1299 843 ea

237 867 386 940 fecissem,
407 869 438 928 in
457 874 557 928 rostra
567 866 695 928 amicitia
706 867 867 926 exercitum
883 866 999 926 divitias
1013 867 1199 926 munimenta
1215 867 1299 945 regni
1320 874 1339 928 ὅ

202 958 216 1006 2
238 971 286 1011 me
303 952 484 1013 habiturum.
516 969 590 1031 quae
605 969 673 1012 eum
687 957 842 1030 praecepta
857 951 987 1030 parentis
1002 951 1061 1010 mei
1076 949 1231 1029 agitarem,
1246 952 1299 1012 lu·-

208 1078 210 1086 ‚
237 1037 460 1116 gurthahomo
474 1037 608 1098 omnium
624 1053 698 1114 quos
714 1043 791 1095 terra
802 1035 928 1096 sustinet
944 1035 1206 1107 sceleratissumus,
1224 1053 1300 1096 eon-

236 1128 349 1200 tempto
371 1121 495 1200 imperio
516 1127 617 1181 vostro
633 1119 802 1180 Masinissae
822 1137 870 1179 me
885 1127 1023 1199 nepotem
1038 1127 1068 1180 et
1082 1120 1140 1180 iam
1155 1120 1192 1179 ab
1206 1119 1299 1198 stirpe

237 1207 351 1266 socium
366 1213 453 1284 atque
467 1205 595 1266 amicum
609 1204 710 1284 populi
720 1197 846 1265 Romani
857 1221 948 1282 regno
959 1204 1146 1282 fortunisque
1159 1203 1300 1264 omnibus

201 1299 216 1348 3
236 1289 355 1368 expulit.
386 1297 474 1368 atque
495 1308 566 1368 ego,
586 1297 684 1369 patres
704 1288 876 1368 conscripti,
899 1289 1040 1368 quoniam
1061 1305 1096 1348 eo
1113 1289 1298 1350 miseriarum
1322 1301 1361 1350 to

238 1382 378 1436 venturus
393 1392 484 1448 eram,
499 1375 603 1435 veliem
618 1373 716 1453 potius
728 1373 765 1434 ob
777 1391 843 1433 mea
854 1392 943 1452 quam
955 1373 993 1434 ob
1005 1371 1152 1434 maiorum
1162 1385 1297 1434 meorum

236 1459 368 1520 benificia
381 1478 502 1537 possem
518 1478 535 1518 a
551 1457 633 1519 vobis
645 1457 784 1518 auxilium
795 1465 904 1536 petere,
917 1476 953 1518 ac
964 1455 1213 1518 maxume'deberi
1224 1457 1300 1518 mibi

236 1543 368 1604 benificia
383 1563 399 1603 a
411 1545 523 1624 populo
535 1543 679 1614 Romano,
715 1543 803 1636 pibus
817 1559 879 1602 non
890 1560 1023 1620 egerem;
1039 1543 1256 1614 seeundum-ea,
1271 1543 1298 1602 si

199 1640 215 1688 t
236 1628 428 1690 desideranda
447 1635 545 1702 erant,
565 1630 610 1688 uti
630 1627 685 1688 deb
710 1646 734 1687 rs
753 1635 860 1688 uterer.
892 1627 944 1687 sed
957 1627 1099 1706 quoniam
1113 1645 1219 1706 parum
1233 1634 1298 1696 tuta

235 1730 289 1792 per
304 1733 336 1774 se
351 1714 413 1794 ipsa
427 1713 557 1792 probitas
572 1719 628 1783 est,
644 1729 739 1790 neque
753 1711 827 1772 mihi
841 1711 872 1771 in
887 1729 978 1772 manu
992 1712 1049 1772 suit
1064 1712 1204 1790 iugurtha
1222 1730 1297 1790 qua·
1321 1722 1358 1772 ts

202 1815 205 1850 ;
235 1797 271 1858 tis
293 1799 384 1870 foret,
407 1798 442 1858 ad
457 1816 510 1858 vos
526 1797 658 1876 coniugi,
679 1805 777 1875 patres
792 1796 965 1878 conscripti,
982 1797 1103 1875 quibus,
1128 1797 1214 1875 quod
1224 1796 1298 1856 mihi

198 1896 213 1944 a
235 1883 447 1944 miserrumum
461 1889 515 1954 est,
531 1899 621 1960 cogor
634 1881 716 1961 prius
732 1879 815 1942 oneri
826 1898 914 1959 quam
929 1881 998 1941 usui
1012 1899 1085 1952 esse.
1116 1881 1205 1941 ceteri
1215 1899 1298 1960 reges

236 1974 286 2028 aut
301 1967 376 2028 bello
391 1967 459 2028 vieti
473 1967 503 2026 in
518 1965 675 2028 amicitiam
690 1985 707 2025 a
722 1965 806 2026 vobis
824 1965 934 2044 recepti
944 1973 1014 2026 sunt
1028 1973 1078 2026 aut
1088 1965 1119 2025 in
1130 1966 1192 2026 suis
1202 1965 1300 2026 dubiis

236 2051 324 2126 rebus
344 2051 513 2112 societatem
529 2047 660 2112 rostram
676 2050 886 2128 adpetiverunt.
917 2050 1027 2110 familia
1041 2058 1142 2110 nostra
1157 2069 1225 2110 cum
1240 2069 1297 2129 po·

235 2137 305 2216 puio
325 2137 458 2196 Romano
473 2134 549 2196 bello
565 2134 794 2214 Carthaginiensi
809 2134 965 2195 amicitiam
980 2135 1122 2206 instituit,
1144 2154 1203 2214 quo
1219 2141 1296 2195 tem-
1320 2148 1356 2199 ae

198 2230 214 2280 o
234 2238 307 2300 pore
327 2221 418 2299 magis
438 2219 510 2280 fides
526 2220 590 2280 eius
606 2237 693 2297 quam
708 2219 827 2279 fortuna
842 2219 971 2298 petunda
982 2227 1053 2280 erat.
1085 2238 1212 2298 quorum
1227 2237 1298 2298 pro-

235 2305 350 2384 geniem
365 2323 427 2376 ves,
444 2311 542 2382 patres
557 2303 724 2382 conscripti,
741 2303 831 2364 notite
846 2303 906 2382 pati
921 2323 969 2364 me
981 2311 1119 2382 nepotem
1130 2303 1298 2365 Masinissae

198 2401 212 2449 t
234 2390 343 2450 frustra
362 2388 475 2449 avobis
490 2388 631 2448 auxilium
642 2395 755 2466 petere.
782 2387 806 2446 si
822 2389 858 2447 ad
873 2388 1091 2466 impetrandum
1106 2389 1179 2448 nihii
1195 2406 1298 2450 causae

233 2474 370 2535 haberem
385 2481 500 2553 praeter
514 2473 710 2533 miserandam
724 2473 885 2544 fortunam,
902 2474 982 2552 quod
997 2474 1083 2552 paulo
1099 2481 1166 2532 ante
1181 2491 1231 2533 rex
1245 2492 1297 2552 ge-

215 2583 221 2588 *
233 2577 304 2620 nere
320 2559 398 2620 fama
414 2565 502 2638 atque
519 2557 609 2638 copiis
620 2564 734 2636 potens,
752 2574 832 2618 nunc
843 2557 1024 2618 deformatus
1036 2558 1185 2628 aerumnis
1199 2557 1296 2637 inops,
1320 2567 1353 2618 2⁵

233 2643 341 2704 alienas
358 2662 428 2722 opes
443 2649 579 2722 expecto,
601 2639 701 2703 tamen
715 2649 777 2702 erat
792 2641 951 2702 maiestatis
966 2642 1067 2721 populi
1089 2642 1214 2703 Romani
1225 2658 1296 2721 pro-

232 2728 333 2790 hibere
344 2728 480 2788 iniuriam
491 2745 587 2806 neque
597 2727 659 2806 pati
669 2727 841 2806 cuiusquam
853 2744 977 2806 reguum
988 2741 1041 2806 per
1050 2728 1146 2787 scelus
1156 2745 1294 2788 crescere.

197 2819 212 2868 8
232 2832 335 2874 verum
351 2831 403 2892 ego
419 2813 460 2873 eis
475 2811 581 2874 finibus
597 2812 704 2872 eiectus
719 2829 796 2882 sum,
813 2829 887 2890 quos
902 2811 1063 2871 maioribus
1078 2812 1153 2872 meis
1168 2811 1296 2890 populus

233 2897 385 2958 Romanus
400 2897 488 2968 dedit,
504 2898 585 2956 undo
597 2904 680 2975 pater
694 2903 724 2956 et
737 2915 807 2956 avos
822 2914 906 2956 meus
922 2913 980 2956 una
995 2895 1147 2956 vobiscum
1159 2897 1294 2975 expulere

134 2977 140 2986 '
235 2981 398 3060 Syphacem
419 2987 448 3040 et
467 2979 721 3059 Carthaginiensis.
752 2987 851 3041 vostra
866 2980 998 3040 benificia
1013 2979 1086 3040 mihi
1100 2987 1200 3059 erepta
1215 2993 1293 3054 sunt,
1318 2989 1351 3040 ao

196 3075 211 3124 9
232 3073 330 3144 patres
342 3065 509 3142 conscripti,
525 3083 578 3125 ros
592 3064 623 3124 in
637 3081 704 3124 mea
717 3065 822 3125 iniuria
838 3065 969 3144 despecti
980 3065 1061 3124 estis.
1091 3065 1166 3125 eheu
1176 3084 1225 3124 me
1236 3066 1295 3125 mi·

233 3148 348 3210 serum!
369 3149 490 3220 hucine,
506 3149 624 3227 Micipsa
640 3155 737 3228 pater,
753 3149 886 3210 benificia
901 3156 950 3210 tua
966 3168 1081 3210 evasere
1096 3157 1142 3220 ut,
1159 3168 1247 3228 quem
1261 3159 1295 3210 tu

232 3251 333 3314 parem
348 3251 416 3296 cum
428 3233 528 3294 liberis
539 3233 598 3294 tuis
609 3233 750 3312 regnique
760 3235 932 3312 participem
942 3233 1046 3306 fecisti,
1057 3234 1083 3294 is
1094 3233 1294 3312 potissumum

233 3319 333 3400 stirpis
346 3328 414 3381 tuae
430 3318 574 3379 extinctor
589 3315 651 3379 sit?
665 3335 866 3396 numquamne
881 3337 949 3396 ergo
964 3318 1073 3378 familia
1084 3325 1186 3380 nostra
1197 3320 1295 3398 quieta

180 3415 210 3464 to
232 3402 311 3466 erit?
329 3421 484 3484 semperne
504 3405 535 3464 in
550 3403 691 3482 sanguine
705 3403 784 3464 ferro
800 3400 1067 3482 fugavorsabitur?
1087 3403 1159 3462 dum
1171 3404 1292 3464 Cartha·
1315 3415 1348 3466 35

146 3529 147 3532 κ
230 3491 376 3569 ginienses
392 3490 554 3550 incolumes
568 3487 666 3560 fuere,
687 3487 750 3548 iure
765 3489 864 3549 omnia
879 3505 964 3548 saeva
978 3488 1177 3566 patiebamur:
1192 3489 1293 3549 hostes

232 3575 268 3634 ab
283 3573 382 3648 latere,
399 3593 450 3634 vos
465 3573 550 3634 amici
566 3573 679 3653 procul,
695 3591 761 3652 spes
777 3573 873 3634 omnis
888 3571 1020 3638 inarmis
1033 3579 1103 3633 erat.
1135 3580 1292 3652 postquam

178 3667 192 3688 ·’
231 3658 279 3718 itia
289 3658 530 3738 pestis-ernfriea
542 3659 632 3718 eiecta
644 3665 698 3728 est,
712 3659 779 3718 laeti
789 3675 891 3736 pacem
903 3656 1093 3734 agitabamus,
1106 3657 1213 3736 quippe
1226 3657 1293 3736 quis

283 3838 286 3858 τ
299 3821 314 3870 4
333 3821 448 3872 adfinium
460 3825 517 3873 loco
533 3824 581 3885 Vz,
594 3824 619 3872 in
630 3823 748 3872 adfinium
761 3824 844 3874 locum
856 3823 906 3888 PC,
918 3823 944 3873 in
956 3823 1074 3874 adfinium
1087 3824 1143 3874 loco
1159 3821 1199 3890 011
1213 3825 1228 3873 5
1246 3838 1291 3872 cx-

231 3887 327 3938 ercitus
341 3888 370 3938 V
379 3889 388 3954 ΙΙ
404 3890 434 3938 12
452 3905 551 3954 possem
563 3907 631 3940 unus
642 3907 677 3939 cce
692 3890 712 3940 C
720 3905 754 3939 m.
767 3891 793 3953 1,
805 3906 880 3955 posse
892 3906 930 3940 me
940 3891 990 3956 PC,
1000 3907 1075 3958 posse
1086 3892 1115 3942 V
1125 3890 1134 3956 Η
1151 3893 1180 3940 14
1198 3892 1251 3954 sed]
1263 3906 1290 3941 se

230 3958 255 4007 P
266 3956 275 4022 ΙΙ
289 3957 322 4006 ta·
339 3957 364 4006 in
374 3971 423 4006 om.
436 3959 459 4007 P
470 3957 479 4020 tl
498 3961 525 4006 19
543 3956 651 4007 familia*
663 3958 697 4018 (m
709 3959 788 4020 eras.)
800 3960 824 4007 P
835 3959 844 4023 d
858 3960 889 4008 27
905 3973 977 4023 peres
991 3960 1075 4009 scetus
1089 3965 1126 4018 tse
1137 3961 1186 4021 er.)
1199 3959 1224 4009 P
1235 3957 1245 4024 ΙΙ
1258 3959 1290 4008 29

231 4024 348 4089 explere*
369 4025 494 4090 siphacem
514 4030 590 4079 teorr.
608 4025 739 4089 expulere)
757 4023 800 4090 ΡΙΙ
814 4025 846 4076 33
863 4025 915 4075 tuis
929 4041 979 4076 om.
998 4027 1027 4077 V
1036 4025 1046 4094 h
1059 4027 1090 4089 is]
1109 4027 1134 4074 id
1147 4027 1176 4077 V
1177 4066 1179 4071 .
1186 4025 1196 4093 ss
1209 4027 1242 4075 34
1253 4041 1290 4074 ,πο

231 4107 279 4141 om.
295 4091 329 4154 V,
341 4109 376 4142 rs.
388 4093 416 4155 P,
429 4093 477 4144 aet.
490 4091 605 4144 amnuo
617 4091 627 4159 ΙΙ
641 4094 672 4142 37
685 4093 716 4142 ab
727 4107 781 4160 pgr
792 4095 815 4144 P
1185 4115 1188 4122 ·
1223 4133 1226 4139 -
