2846 4682
235 368 276 428 20
598 366 624 416 C.
636 363 798 417 santusrl
815 364 916 416 cnlsru

171 521 212 583 811
318 521 376 582 Sed
400 521 463 600 ipse
483 539 591 600 paucos
612 521 674 582 dies
695 527 895 582 commoratus
914 521 991 601 apud
1010 521 1041 581 C.
1060 519 1239 582 Flaminium
1260 522 1292 582 iu

233 625 301 686 agro
313 606 458 678 Arretino,
474 605 546 666 dum
561 606 740 667 vicinitatem
755 613 840 666 antea
853 606 1036 670 sollicitatam
1054 605 1143 666 amis
1155 602 1290 678 eiornat,

233 691 435 752 cumfascibus
443 697 530 770 atque
540 690 601 752 aliis
609 689 882 772 imperiinsignibus
891 692 922 751 in
930 690 1290 754 castraadManliumcon-

197 789 212 838 t
233 777 336 837 tendit.
352 778 431 838 'haec
443 776 493 836 ubi
501 777 613 838 Romae
626 783 776 856 comperta
788 783 868 849 sunt,
881 784 999 838 senatus
1008 776 1160 837 Catilinam
1171 783 1200 836 et
1208 777 1291 837 llan-

233 861 306 922 lium
320 862 413 924 hostis
428 861 550 934 iudicat,
566 869 679 923 ceterae
694 861 877 922 multitudini
891 862 970 922 diem
984 861 1102 932 statuit,
1118 868 1186 922 ante
1202 881 1291 940 quam
1312 876 1327 924 5

234 947 298 1007 sine
317 945 419 1007 fraude
439 946 539 1008 liceret
558 947 594 1008 ab
608 947 699 1008 armis
714 946 863 1008 discedere
876 955 994 1026 praeter
1008 965 1108 1006 rerum
1123 946 1292 1025 capitalium

198 1045 213 1093 3
234 1032 445 1092 condemnatis.
474 1039 624 1110 praeterea
638 1031 768 1092 decernit
782 1032 825 1092 uti
841 1033 975 1093 consules
994 1031 1133 1113 dilectum
1153 1031 1291 1104 habeant,

235 1116 380 1178 Antonius
395 1135 464 1177 cum
478 1117 608 1178 exercitu
624 1116 776 1178 Catilinam
791 1117 929 1198 persequi
944 1123 1087 1188 maturet,
1109 1116 1209 1178 Cicero
1224 1117 1292 1180 urbi

234 1202 379 1280 praesidio
394 1202 442 1262 sit.
954 1211 956 1216 '

197 1303 215 1352 4
319 1287 360 1347 Ea
379 1293 554 1366 tempestate
575 1287 649 1347 mihi
670 1288 828 1366 imperium
849 1287 950 1366 populi
970 1286 1095 1346 Romani
1115 1286 1289 1348 1111110111-
1314 1299 1346 1348 10

236 1390 323 1432 xume
343 1372 507 1432 miserabile
522 1371 617 1432 visum
631 1379 685 1432 est.
717 1373 764 1434 cui
783 1391 851 1432 cum
870 1372 906 1432 ad
926 1390 1062 1432 occasum
1083 1371 1119 1432 ab
1140 1379 1207 1433 ortu
1221 1371 1290 1432 solis

236 1457 335 1518 omnia
354 1456 465 1517 domita
483 1457 572 1518 armis
591 1465 742 1536 parerent,
764 1457 845 1518 domi
859 1457 954 1518 otium
972 1464 1060 1536 atquc
1075 1455 1200 1529 divitiae,
1215 1475 1291 1535 quae

127 1603 130 1611 ,
235 1541 329 1622 prima
349 1543 488 1602 mortales
507 1549 627 1622 putant,
648 1543 819 1614 adiicerent,
833 1542 916 1603 fuere
930 1549 1032 1602 tamen
1046 1541 1122 1602 cives
1137 1541 1187 1620 qui
1201 1560 1290 1620 seque

198 1643 371 1708 aramque,
385 1627 536 1707 publicam
556 1627 709 1706 opstinatis
733 1627 839 1688 animis
863 1626 1011 1706 perditum
1036 1627 1122 1688 irent.
1162 1643 1290 1706 namque

235 1711 349 1774 duobus
369 1712 463 1774 senati
483 1713 606 1774 decretis
627 1720 762 1774 extenta
783 1711 971 1782 mrdtitudine
986 1730 1082 1790 neque
1096 1711 1226 1790 praemio
1242 1711 1289 1771 in·
1313 1723 1344 1773 15

236 1798 340 1860 ductus
356 1797 588 1858 coniurationem
603 1798 779 1877 patefecerat
790 1816 885 1877 neque
897 1817 933 1858 ex
944 1797 1047 1858 castris
1058 1796 1195 1857 Catilinae
1207 1797 1289 1876 quis-

235 1901 325 1962 quam
345 1883 479 1944 omnium
497 1883 682 1944 discesserat:
706 1890 787 1945 tanta
808 1880 962 1962 vismorbi
977 1901 1011 1944 ac
1025 1881 1114 1942 veluti
1129 1882 1210 1942 tabes
1226 1883 1290 1961 ple-

173 1973 215 2036 31
235 1987 344 2046 rosque
363 1967 469 2028 civium
485 1969 601 2028 animos
616 1968 769 2030 invaserat.
799 1987 895 2048 neque
910 1969 1007 2030 solum
1022 1967 1076 2028 illis
1092 1967 1185 2027 aliena
1206 1985 1290 2028 mens

235 2059 307 2125 erat,
323 2053 374 2132 qui
388 2053 497 2114 conscii
511 2053 720 2115 coniurationis
734 2054 865 2121 fuerant,
878 2053 930 2113 sed
942 2053 1064 2112 omnino
1076 2058 1181 2112 cuncta
1190 2052 1290 2131 plebes

198 2152 214 2201 2
235 2155 379 2198 novarum
392 2156 493 2198 rerum
507 2138 603 2198 studio
620 2137 757 2198 Catilinae
771 2137 886 2217 incepta
900 2137 1051 2216 probabat.
1074 2137 1103 2196 id
1118 2137 1191 2197 adeo
1207 2155 1290 2198 more
1311 2147 1346 2198 aa

199 2233 215 2284 3
235 2241 289 2282 suo
305 2222 456 2283 videbatur
469 2223 574 2284 facere.
604 2240 673 2282 nam
688 2241 807 2302 semper
822 2222 982 2284 incivitate
1003 2221 1110 2302 quibus
1131 2241 1202 2302 opes
1221 2222 1289 2282 nul-

235 2307 279 2368 lae
294 2313 363 2368 sunt
382 2306 625 2380 bonisinvident,
645 2308 738 2368 malos
753 2307 906 2380 extollunt,
922 2315 1018 2368 vetera
1034 2307 1131 2379 odere,
1148 2326 1224 2368 nova
1237 2327 1289 2372 ex-

141 2409 144 2416 ’
236 2398 353 2470 optant,
374 2391 442 2472 odio
463 2409 582 2452 suarum
597 2410 698 2453 renam
713 2392 821 2452 mutari
836 2392 934 2452 omnia
948 2392 1083 2464 student,
1102 2391 1189 2453 turba
1203 2401 1290 2472 atque

236 2475 429 2538 seditionibus
440 2476 503 2548 sine
514 2495 583 2538 cura
593 2477 720 2549 aluntur,
733 2477 873 2556 quoniam
881 2485 994 2556 egestas
1001 2477 1084 2538 facilc
1092 2478 1216 2539 babetur
1227 2477 1290 2538 sine

202 2561 217 2610 ⁴¹
238 2562 356 2624 damno.
375 2562 427 2622 sed
439 2562 550 2622 urbana
562 2562 662 2641 plebes
671 2575 782 2624 eavero
798 2580 936 2642 praeceps
949 2568 1012 2624 erat
1024 2563 1060 2623 de
1072 2563 1173 2624 multis
1186 2562 1289 2624 causis.
1313 2571 1345 2621 25

201 2666 217 2714 5
237 2648 367 2727 primunr
389 2647 539 2721 omnium,
560 2648 611 2726 qui
629 2647 737 2726 ubique
752 2648 862 2728 probro
877 2656 965 2728 atque
980 2648 1139 2728 petulantia
1154 2667 1293 2710 maxume

237 2733 434 2812 praestabant,
449 2732 521 2794 itcrn
536 2733 584 2794 alii
599 2733 649 2812 qui
662 2753 716 2813 per
730 2733 871 2795 dedecora
886 2733 1070 2814 patrimoniis
1085 2734 1209 2804 amissis,
1221 2752 1293 2811 pos·

237 2826 335 2878 tremo
364 2835 482 2894 omnes,
509 2837 582 2897 quos
607 2818 749 2898 flagitium
772 2826 823 2880 aut
841 2819 953 2880 lacinus
974 2819 1062 2879 domo
1082 2837 1115 2878 ex
1138 2818 1244 2888 ulcrat‚
1265 2817 1292 2876 ei

202 2920 219 2971 c
238 2903 365 2964 Romam
384 2903 460 2963 sicut
479 2903 510 2962 in
528 2903 674 2964 sentinam
694 2904 903 2966 confluxerant.
940 2903 1045 2962 deinde
1069 2837 1154 2962 mubi
1174 2918 1289 2960 memo-

238 3006 286 3048 res
309 2987 444 3048 Sullanae
463 2987 613 3060 victoriae,
635 2989 714 3067 quod
730 3007 764 3048 ex
779 2987 916 3067 gregariis
931 2986 1072 3048 militibus
1087 2985 1157 3046 alios
1173 2991 1292 3045 senato·
1315 2997 1349 3050 30
1408 3035 1409 3066 3

238 3090 286 3132 res
301 3072 447 3146 videbant,
463 3072 536 3134 alios
550 3073 591 3134 ita
610 3073 712 3134 divites
727 3079 761 3132 ut
776 3072 855 3152 regio
870 3071 948 3131 victu
963 3077 1050 3149 atque
1066 3069 1148 3131 cultu
1168 3077 1294 3153 aetatem
1407 3069 1409 3144 ζ

239 3164 367 3236 agerent,
381 3157 436 3218 sibi
450 3158 583 3237 quisque,
599 3158 624 3218 si
638 3158 670 3218 in
684 3156 774 3220 armis
788 3157 875 3230 foret,
891 3175 928 3216 ex
938 3155 1059 3216 victoria
1068 3154 1135 3216 talia
1147 3155 1293 3234 sperabat.
1350 3178 1353 3186 ’
1408 3151 1409 3206 l

202 3263 217 3313 τ
239 3249 387 3322 praetcrea
402 3243 551 3318 iuventus,
569 3243 688 3323 quaein
703 3243 778 3322 agris
792 3259 937 3303 manuum
950 3242 1084 3301 mercede
1099 3239 1229 3319 inopiam
1244 3247 1294 3302 to-

239 3327 388 3400 leraverat,
404 3327 524 3406 privatis
539 3337 627 3409 atque
642 3328 766 3408 publicis
781 3326 982 3405 largitionibus
994 3326 1089 3388 excita
1099 3325 1246 3386 urbanum
1259 3345 1293 3386 o-

237 3413 313 3474 tium
333 3413 446 3492 ingrato
464 3413 556 3475 labori
575 3414 760 3493 praetulerat.
794 3431 844 3474 eos
866 3419 953 3490 atque
973 3409 1045 3472 alios
1067 3411 1165 3473 omnis
1181 3409 1292 3474 malum
1314 3419 1354 3470 35.

203 3507 218 3557 8
239 3499 389 3577 publicum
415 3498 519 3559 alebat.
555 3517 613 3578 quo
639 3498 737 3559 minus
764 3497 933 3559 mirandum
953 3503 998 3559 est
1016 3497 1152 3559 homines
1173 3495 1294 3577 egentia,

239 3583 324 3643 malis
339 3583 472 3644 moribus
487 3601 624 3645 maxuma
638 3603 705 3664 spe,
720 3584 764 3646 rei
778 3583 910 3665 publicae
932 3583 1011 3644 iuxta
1029 3603 1064 3645 ac
1085 3583 1140 3645 sibi
1155 3581 1294 3644 consulu-

311 3841 323 3890 1
338 3839 472 3890 flaminium
483 3839 604 3888 dammam
615 3841 728 3906 optimus
739 3855 775 3890 aar
785 3856 810 3902 a,
827 3854 895 3888 unus
906 3853 942 3887 erc
955 3837 976 3887 θ
986 3839 1022 3899 (aa
1033 3853 1118 3901 nrarg.
1130 3836 1172 3886 nal
1184 3838 1294 3894 flaccum)

239 3907 274 3973 ll2
287 3907 393 3971 reatinio
405 3909 436 3970 P,
449 3906 544 3958 reatino
559 3905 580 3956 C
586 3912 693 3974 praeter
703 3923 785 3958 onaan
796 3909 841 3970 put
850 3906 965 3956 arretino
978 3903 987 3972 b
1001 3907 1015 3955 5
1028 3905 1157 3956 indicant
1170 3904 1206 3966 tui
1216 3913 1295 3962 eras.)

241 3978 265 4028 P
276 3976 286 4044 ll
299 3977 314 4025 6
326 3976 416 4027 liceret
427 3992 462 4026 eo
473 3974 565 4025 licebat
576 3975 599 4024 P
610 3972 620 4039 b
633 3978 648 4026 8
660 3983 769 4028 inauret
780 3975 804 4023 P
815 3974 824 4041 b
841 3974 870 4023 ta
882 3973 948 4024 domi
959 3993 986 4022 a*
997 3973 1074 4024 otium
1088 3969 1154 4037 (daqa
1168 3973 1245 4028 cruat
1259 3971 1298 4037 Pp

244 4045 273 4094 11
287 4041 891 4111 aauelutiaauptiusl’titotogtoot111p.547,
903 4049 977 4108 atque
991 4043 1029 4090 uti
1038 4039 1102 4106 PCll
1116 4039 1147 4088 2⁰
1160 4039 1297 4103 probabaat

243 4115 267 4174 (n
277 4114 355 4176 arae.)
368 4110 412 4180 Pl
425 4113 455 4162 21
469 4111 511 4176 qni
523 4110 573 4174 PC,
585 4125 635 4162 om.
649 4111 689 4180 01
702 4111 904 4163 attolerabant
916 4125 952 4159 aar
962 4108 1089 4160 tolerabat
1101 4108 1125 4158 P
