2854 4678
468 367 510 420 un
524 367 635 418 'BELLO
655 367 857 420 IUGURTHINO
1150 373 1190 434 73

131 523 287 604 pollicetur
302 523 332 583 111
348 531 482 602 tempore
497 531 592 585 semet
607 541 674 585 cum
691 524 820 586 exercitu
835 523 944 586 adfore.
975 525 1015 587 ita
1030 525 1191 605 conpositis
1211 536 1226 585 3

131 609 221 669 rebus
241 607 272 668 in
287 608 350 669 1111
366 626 456 687 quam
470 627 609 670 maxume
624 609 738 670 occulta
752 609 874 670 discedit
889 629 922 671 11
936 617 1004 690 post
1018 612 1105 690 paulo
1121 630 1190 690 cog-

130 693 229 754 noscit
250 692 374 753 Marium
397 713 433 753 ex
452 693 555 754 itinere
574 695 790 754 frumentatum
810 713 879 755 cum
898 695 998 773 paucis
1019 695 1191 756 cohortibus

132 778 247 838 Siccam
268 777 407 850 missum,
429 779 515 856 quod·
529 779 669 858 oppidum
688 779 819 857 primum
838 781 972 840 omnium
992 787 1061 860 post
1082 781 1190 842 11111111

92 877 108 925 5
130 879 261 942 pugnam
277 863 313 922 ab
327 880 394 941 rege
410 863 565 924 defecerat.
595 883 630 923 eo
646 881 714 924 cum
730 863 847 924 delectis
862 864 1009 943 equitibus
1021 873 1111 926 noctu
1122 884 1190 944 per·
1212 877 1229 928 4

130 948 173 1026 git
192 953 223 1007 et
243 948 301 1006 iam
322 947 536 1024 egredientibus
551 948 692 1008 Romanis
707 948 739 1007 in
753 956 838 1027 porta
852 967 981 1028 pugnam
996 951 1081 1022 facit,
1103 950 1192 1010 simul

129 1049 236 1110 magna
251 1050 322 1092 voce
338 1032 491 1092 Siccenses
505 1031 643 1092 hortatur
660 1032 705 1092 uti
720 1032 849 1093 cohortis
870 1035 906 1094 ab
926 1041 1008 1112 tergo
1028 1035 1191 1094 circumve-

129 1117 227 1176 niant:
249 1116 400 1177 fortunam
418 1115 474 1178 illis
494 1117 633 1195 praeclari
652 1117 789 1178 facinoris
805 1137 904 1178 casum
920 1119 997 1178 dare.
1028 1119 1053 1178 si
1067 1118 1097 1178 id
1111 1119 1190 1179 fece—

129 1201 205 1272 rint,
225 1207 328 1279 postea
346 1219 410 1260 sese
430 1201 461 1260 in
480 1219 587 1280 regno,
608 1201 674 1261 illos
696 1202 730 1260 in*
741 1202 873 1263 libertate
888 1203 952 1263 sine
966 1210 1049 1263 metu
1065 1210 1190 1264 aetatem

74 1301 108 1350 to
129 1293 259 1346 acturos·
290 1303 323 1346 ac
341 1285 373 1344 ni
387 1284 495 1346 Marius
516 1287 598 1364 signa
616 1286 724 1346 inferre
743 1295 831 1366 atque
850 1288 972 1348 evadere
993 1287 1107 1367 oppido,
1120 1307 1190 1367 pro·
1212 1301 1227 1350 5

128 1370 298 1450 peravisset,
313 1371 445 1448 profecto
461 1371 559 1431 cuncti
570 1377 620 1431 aut
631 1387 737 1448 magna
748 1390 816 1450 pars
828 1372 1011 1432 Siccensium
1022 1373 1111 1432 [idem
1122 1391 1190 1433 rnu-

127 1455 287 1516 tavissent:
303 1461 384 1516 tanta
399 1455 563 1516 mobilitate
578 1475 641 1516 sese
657 1455 801 1517 Numidae
815 1465 929 1536 gerunt.
952 1457 1004 1518 sed
1021 1457 1128 1518 milites
1140 1457 1189 1518 lu·
1211 1469 1226 1518 6

128 1539 260 1618 gurtbini
275 1539 423 1618 paulisper
438 1539 474 1600 ab
487 1557 556 1619 rege
570 1543 739 1612 sustentati,
755 1548 914 1621 postquem
929 1542 1041 1604 maiore
1051 1543 1078 1617 pi
1089 1541 1190 1604 hostes

128 1631 249 1703 urgent,
275 1624 376 1702 paucis
401 1625 517 1685 amissis
541 1625 657 1704 profugi
683 1625 846 1686 discedunt.
883 1627 991 1687 Marius
1012 1627 1047 1687 ad
1070 1627 1190 1688 Zamam
1211 1631 1251 1692 57

75 1724 106 1774 15
128 1709 271 1788 pervenit.
302 1709 332 1768 id
347 1709 488 1788 oppidum
503 1710 534 1768 in
549 1728 653 1789 campo
669 1711 760 1771 situm
775 1712 866 1790 magis
883 1729 970 1790 opere
986 1729 1073 1788 quam
1086 1719 1190 1772 natura

128 1793 279 1854 munitum
294 1800 366 1865 erat,
382 1793 490 1854 nullius
504 1795 626 1855 idoneae
640 1795 683 1855 rei
699 1813 802 1874 egens,
819 1796 908 1856 armis
922 1796 1050 1874 virisque
1065 1796 1189 1875 opulen-

127 1886 203 1939 tum.
226 1878 316 1956 igitur
330 1877 461 1938 Metellus
475 1897 529 1958 pro
544 1886 678 1958 ternpore
690 1890 777 1958 atque
789 1881 853 1940 loco
865 1881 974 1959 paratis
985 1881 1073 1941 rebus
1085 1887 1189 1942 1111111
1208 1895 1223 1945 2

128 1963 247 2024 moenia
261 1963 391 2024 exercitu
405 1964 609 2036 circumvenit,
626 1964 726 2042 legatis
741 1965 867 2044 imperat
887 1965 938 2026 ubi
958 1966 1082 2045 quisque
1103 1985 1189 2026 oura-

128 2055 185 2108 ret.
215 2047 318 2108 deinde
337 2048 420 2126 signo
441 2049 509 2108 dato
528 2049 659 2128 undique
680 2049 767 2109 simul
782 2050 892 2114 clamor
906 2051 1008 2128 ingens
1024 2052 1118 2112 oritur
1136 2068 1189 2110 ne·
1211 2066 1226 2114 3

74 2145 108 2195 20
130 2151 188 2212 que
207 2152 242 2192 ea
260 2150 309 2193 res
324 2133 466 2194 Numidas
480 2140 585 2193 terret:
602 2133 707 2194 infensi
721 2134 884 2212 intentique
900 2135 962 2195 sine
976 2135 1109 2196 tumultu
1123 2154 1187 2196 ma-

128 2224 211 2290 nent,
227 2217 372 2296 proelium
387 2217 534 2296 incipitur.
565 2218 692 2278 Romani
704 2237 758 2298 pro
773 2219 890 2298 ingenio
903 2220 1024 2299 quisque
1036 2239 1103 2300 pars
1114 2221 1189 2282 erni-
1211 2235 1227 2284 4

128 2319 185 2362 nus
199 2302 303 2380 glande
319 2309 369 2362 aut
383 2301 527 2381 lapidibus
541 2321 681 2382 pugnare,
698 2303 1087 2366 1111111111111111111111111
1099 2305 1189 2367 modo

128 2387 286 2448 subfodere
307 2386 396 2447 modo
411 2387 495 2448 scalis
511 2387 639 2467 aggredi,
662 2407 769 2468 cupere
783 2390 929 2468 proelium
944 2389 974 2450 in
993 2391 1129 2452 manibus
1144 2392 1158 2450 f
1174 2423 1189 2433 -

129 2489 205 2532 cere.
237 2479 339 2532 contra
355 2491 388 2531 ea
404 2472 542 2550 oppidani
557 2473 588 2532 in
602 2491 765 2552 proxumos
784 2493 853 2535 saxa
868 2476 997 2548 volvere,
1018 2477 1105 2536 sudes
1120 2477 1186 2556 pila,
1209 2493 1224 2542 5

76 2572 109 2622 25
129 2563 281 2636 praeterea
295 2556 391 2635 picem
406 2557 546 2636 sulphure
562 2565 591 2618 et
605 2557 691 2618 taeda
704 2558 826 2618 mixtam
842 2559 974 2620 ardentia
988 2560 1114 2620 mittere.
1137 2563 1189 2622 sed
1208 2577 1223 2626 6

128 2659 167 2702 ne
181 2642 246 2709 illos
262 2641 395 2721 quidem,
412 2641 461 2720 qui
477 2643 580 2720 procul
594 2649 776 2714 manserant,
792 2643 883 2703 timor
897 2643 988 2702 animi
1003 2644 1073 2704 satis
1088 2646 1187 2705 muni-

127 2733 219 2788 verat.
250 2741 321 2786 nam
340 2727 496 2805 plerosque
512 2727 604 2788 iacula
619 2727 776 2787 tormentis
792 2735 842 2788 aut
856 2745 948 2788 manu
964 2728 1071 2788 emissa
1086 2728 1187 2789 volne-

127 2812 233 2872 rabant
247 2809 369 2890 parique
384 2810 515 2889 periculo
530 2811 675 2888 sed-fama
686 2811 780 2890 inpari
794 2811 866 2871 boni
881 2820 969 2891 atque
984 2812 1078 2890 ignavi
1094 2821 1186 2874 erant.

215 2896 291 2956 Dum
313 2896 391 2974 apud
405 2896 525 2956 Zamam
546 2897 588 2956 sic
603 2902 745 2967 certatur,
767 2897 907 2976 Iugurtha
923 2897 1121 2975 exinproviso
1137 2917 1187 2959 ca·
1204 2905 1248 2966 58

74 2997 108 3046 30
129 2987 191 3041 stra
204 2981 337 3041 hostium
352 2997 420 3040 curn
435 2998 539 3060 magna
554 2999 645 3041 manu
659 2981 778 3054 invadit,
794 2981 925 3042 remissis
941 2982 991 3061 qui
1002 2982 1033 3042 in
1044 2983 1189 3062 praesidio

54 3120 60 3129 .
130 3072 214 3126 erant
229 3073 259 3126 et
275 3065 372 3126 omnia
387 3065 480 3145 magis
496 3062 585 3144 qham
600 3067 745 3144 proelium
765 3067 987 3146 expectantibus
1007 3075 1124 3146 portam
1141 3070 1188 3130 in·
1262 3141 1264 3144 .

128 3151 251 3229 rumpit.
282 3157 312 3210 at
326 3150 421 3211 nostri
435 3151 590 3229 repentino
606 3158 688 3211 metu
703 3151 827 3229 perculsi
843 3151 898 3212 sibi
913 3153 1037 3231 quisque
1052 3171 1106 3232 pro
1122 3173 1188 3215 mo·
1210 3171 1225 3222 1

128 3235 211 3296 ribus
226 3233 397 3296 consulunt:
415 3234 462 3294 alii
476 3235 577 3314 fugere
593 3235 639 3296 alii
655 3254 737 3296 arma
752 3254 869 3315 capere,
887 3255 991 3316 magna
1006 3256 1073 3316 pars
1088 3239 1190 3298 volne-

129 3319 186 3380 rati
206 3327 256 3380 aut
272 3319 368 3379 occisi.
400 3327 531 3380 ceterum
547 3339 583 3380 ex
598 3321 680 3380 omni
695 3321 884 3381 multitudine
899 3339 960 3381 non
975 3321 1101 3398 amphus
1113 3341 1186 3400 qua·
1208 3337 1226 3386 a

77 3419 109 3468 35
135 3403 267 3483 draginta
291 3421 439 3465 memores
462 3405 592 3464 nominis
614 3403 739 3465 Romani
764 3423 848 3484 grege
868 3405 946 3464 facto
966 3405 1064 3464 locum
1087 3423 1190 3484 cepere

130 3489 218 3567 paulo
239 3507 329 3567 qnam
344 3489 391 3548 alii
406 3488 560 3548 editiorem
575 3507 672 3567 neque
687 3489 755 3548 inde
770 3507 908 3548 maxuma
923 3490 951 3549 vi
966 3489 1071 3568 depelb
1087 3489 1188 3568 quive-

132 3581 215 3646 11111,
236 3573 289 3634 sed
304 3573 362 3634 1111
377 3573 493 3633 eminus
509 3573 599 3634 missa
613 3573 779 3645 remittere,
796 3573 881 3651 pauci
896 3573 927 3634 in
942 3574 1074 3653 pluribus
1090 3575 1189 3636 minus
1232 3601 1234 3604 ·

202 3825 234 3874 to
253 3831 357 3884 acturos
371 3832 538 3875 emunctores
555 3825 579 3874 P
590 3822 599 3892 ll
614 3824 645 3874 12
663 3833 754 3890 gerunt
765 3825 816 3890 PC,
829 3832 906 3890 agunt
919 3823 959 3892 011
974 3826 1005 3876 14
1023 3826 1154 3879 discedunt
1162 3847 1190 3896 p,

135 3891 297 3958 1111111111ΡΙΙ
311 3892 343 3940 22
360 3892 406 3941 1111
423 3893 559 3946 succedere
572 3907 602 3942 ac
612 3892 667 3956 PC,
681 3892 726 3942 alii
739 3895 848 3944 euadere
861 3901 904 3944 111
916 3893 955 3943 111
965 3894 1011 3943 alii
1026 3896 1134 3944 euadere
1147 3899 1189 3947 uel

135 3961 271 4010 succedere
283 3960 326 4008 uel
337 3975 434 4009 murum
446 3960 582 4011 ascendere
594 3975 624 4010 ac
635 3959 807 4012 Cdetora'ores
839 3961 875 4010 24
884 3961 1014 4026 proximos
1028 3961 1055 4020 C,
1067 3963 1190 4028 proximis

134 4025 197 4095 PCR
210 4029 242 4080 25
260 4028 341 4093 picem
353 4027 473 4092 sulphure
486 4035 513 4078 et
523 4029 583 4078 teda
594 4049 607 4077 1
617 4029 681 4094 (fuit
693 4030 782 4092 111111)
794 4029 873 4080 mixti
887 4029 1001 4078 ardentia
1013 4029 1114 4078 mittere
1126 4030 1151 4080 Ρ
1165 4036 1191 4081 11

134 4101 169 4148 sic
180 4097 241 4161 fere
255 4095 282 4158 C,
293 4098 347 4147 1111
358 4096 426 4162 quod
436 4095 535 4146 ardenti
551 4099 599 4150 1111·
613 4097 660 4146 alii
675 4097 789 4148 ardentia
