2846 4682
481 334 648 388 nanneno
666 335 872 390 iuoournmo
1160 344 1201 406 67

135 496 295 570 postquam
315 495 500 568 opportunos
518 490 574 552 sihi
590 491 738 570 cognovit,
759 492 852 553 multa
866 492 1031 572 pollicendo
1044 494 1204 574 persuadet

135 574 179 635 uti
192 573 365 653 Iugurtham
379 593 519 636 maxume
534 575 645 648 vivom,
663 575 711 636 sin
724 575 753 636 id
768 595 874 655 parum
888 579 1041 656 pmcedat,
1063 586 1202 642 necatum

134 658 190 720 sihi
204 659 364 720 traderent.
390 667 522 720 ceterum
537 661 633 739 palam
644 678 720 739 quae
731 680 767 721 ex
779 661 928 723 voluntate
940 663 1040 725 forent
1049 665 1111 743 regi
1122 682 1201 725 nun-

134 745 200 805 tiari
213 743 305 805 iubet
336 743 442 805 deinde
457 745 519 824 ipse
534 746 634 823 paucis
649 744 752 807 diebus
767 745 881 806 intento
896 754 984 826 atque
996 748 1104 810 infesto
1116 767 1200 810 exer-
1222 759 1238 809 5

97 842 114 890 5
135 829 196 890 citu
209 828 242 888 in
256 828 426 890 Numidiam
440 829 587 908 procedit,
603 830 654 890 ubi
669 837 773 890 eontra
787 830 856 891 belli
869 831 975 892 faciem
986 833 1103 912 tuguria
1114 833 1201 912 plena

133 913 303 984 hominum,
318 932 426 992 peoora
440 914 628 994 cultoresque
639 914 671 998 in
682 915 757 993 agris
769 923 862 976 erant.
885 935 920 977 ex
932 917 1047 995 oppidis
1058 924 1088 978 et
1098 936 1201 998 mapa-

133 998 217 1059 libus·
235 998 376 1077 praefecti
394 999 470 1078 regis
490 999 566 1060 obvii
583 999 783 1078 procedebant
802 1001 896 1078 parati
913 1001 1100 1062 trumentum
1119 1002 1199 1074 dare,

134 1089 326 1146 conmeatum
340 1090 473 1161 portare,
488 1091 642 1162 postremo
658 1085 758 1146 omnia
773 1103 848 1164 quae
863 1085 1079 1165 imperarentur
1092 1085 1198 1146 iacere.

135 1185 233 1247 neque
252 1167 386 1228 Metellus
401 1167 510 1230 idcireo
526 1168 639 1238 minus,
659 1169 711 1230 sed
726 1169 837 1248 pariter
850 1189 885 1230 ae
899 1170 924 1231 si
939 1171 1039 1231 hostes
1054 1171 1199 1242 adessent,
1221 1182 1237 1232 o

81 1263 115 1313 10
134 1252 251 1314 munito
277 1252 392 1330 agmine
412 1252 558 1324 incedere,
585 1252 642 1313 late
663 1253 816 1331 explorare
837 1255 951 1326 omnia,
977 1255 1025 1316 illa
1045 1254 1201 1315 deditionis

133 1338 218 1417 signa
234 1337 362 1398 ostentui
373 1338 492 1398 credere
503 1343 534 1396 et
544 1336 656 1397 insidiis
666 1335 766 1397 locum
776 1339 922 1416 temptari.
948 1339 1047 1417 itaque
1056 1339 1120 1417 ipse
1132 1357 1199 1400 cum
1221 1349 1236 1398 2

134 1421 278 1502 expeditis
297 1422 484 1493 cohortibus,
504 1421 577 1482 item
595 1421 782 1482 funditorum
800 1428 831 1482 et
849 1423 1067 1501 sagittariorum
1090 1423 1202 1484 delecta

133 1525 226 1568 manu
240 1506 317 1586 apud
329 1506 440 1585 primos
451 1512 524 1575 erat,
540 1506 571 1566 in
581 1514 733 1584 postremo
746 1506 777 1566 C.
793 1507 902 1567 Marius
914 1507 1025 1586 legatus
1037 1525 1106 1568 cum
1117 1507 1202 1586 equi-

132 1592 214 1652 tibus
234 1591 368 1662 curabat,
390 1591 421 1650 in
438 1599 600 1669 utrumque
614 1592 692 1651 latus
705 1590 872 1652 auxiliarios
886 1593 1002 1671 equites
1015 1592 1143 1652 tribunis
1158 1591 1201 1652 le-

87 1685 118 1734 15
136 1677 259 1756 gionum
270 1683 300 1737 et
310 1675 464 1754 praefectis
476 1675 643 1736 cohortium
655 1675 866 1754 dispertiverat,
882 1683 916 1736 ut
928 1695 997 1736 cum
1009 1676 1051 1736 eis
1063 1675 1201 1754 permixti

134 1761 250 1832 velites,
266 1778 456 1840 quocumque
471 1759 659 1832 adsederant,
675 1760 823 1838 equitatus
837 1760 970 1821 hostium
984 1760 1200 1839 propulsarent

134 1845 250 1908 namin
264 1845 404 1924 Iugurtha
417 1851 519 1906 tantus
530 1845 616 1906 dolus
626 1851 768 1923 tantaque
779 1843 882 1922 peritia
893 1844 1028 1905 locorum
1040 1851 1069 1905 et
1080 1843 1200 1905 militiae
1221 1853 1237 1904 8

134 1937 206 2004 erat,
221 1937 257 1992 ut
270 1930 377 1990 absens
391 1947 430 1990 an
440 1946 589 2008 praesens,
605 1947 707 2008 pacem
723 1946 760 1990 an
770 1928 880 1988 bellum
893 1947 996 2008 gerens
1007 1928 1202 2008 perniciosior

136 2023 223 2088 meet,
236 2015 268 2075 in
278 2015 389 2076 incerto
401 2014 569 2075 haberetur.
592 2020 655 2074 erat
665 2013 743 2074 haud
754 2011 840 2092 louge
851 2012 888 2074 ab
899 2031 934 2073 eo
946 2013 1059 2085 itinere,
1072 2012 1200 2092 quoble-
1221 2011 1263 2072 41

81 2108 116 2160 2ο
136 2101 222 2161 tellus
233 2099 382 2179 pergebat,
399 2099 542 2178 oppidum
553 2098 746 2160 Numidarum
759 2097 881 2158 nornine
891 2097 977 2176 Vaga,
989 2097 1089 2158 lomm
1099 2114 1201 2160 rerum

137 2184 284 2246 venalium
295 2184 388 2244 totius
397 2183 479 2263 regni
490 2201 628 2245 maxume
639 2182 828 2254 celebratum,
840 2181 891 2242 nbi
903 2189 932 2242 et
943 2181 1069 2242 incolere
1080 2189 1110 2242 et
1120 2199 1201 2243 mer-

136 2271 195 2332 eari
206 2275 420 2330 consueverant
429 2269 520 2330 Italici
530 2267 644 2348 generis
655 2267 740 2328 multi
751 2267 899 2328 mortales.
916 2267 976 2328 huo
986 2266 1100 2338 consul,
1113 2267 1201 2328 simol
1221 2273 1237 2325 2

133 2353 300 2435 temptandi
314 2353 406 2432 gratia
421 2359 451 2413 et
465 2353 491 2413 si
505 2360 678 2432 paterentur
693 2352 928 2432 opportunitates
939 2351 1006 2424 loci,
1021 2351 1203 2430 praesidium

134 2439 276 2520 inposuit.
306 2445 458 2517 praeterea
471 2437 625 2518 imperarit
638 2437 823 2497 trumentum
836 2443 868 2496 et
881 2435 936 2496 alia
951 2454 1026 2514 quae
1041 2435 1118 2496 hello
1133 2435 1203 2496 usui

80 2537 114 2588 25
134 2526 234 2586 forent
245 2529 430 2602 conportaro,
442 2529 533 2594 ratus,
545 2523 575 2582 id
588 2521 667 2601 quod
679 2539 727 2582 res
738 2520 887 2592 monebat,
899 2519 1097 2598 frequentiam
1109 2536 1202 2597 nego-

134 2610 278 2672 tiatorum
300 2615 329 2668 et
344 2613 533 2668 conmeatum
547 2607 717 2667 iuvaturum
732 2605 893 2665 exercitum
909 2610 939 2664 et
953 2603 1013 2663 iam
1027 2603 1137 2681 paratis
1151 2619 1200 2662 re-

134 2697 191 2756 bus
205 2693 392 2754 munimento
407 2693 481 2752 lore.
512 2692 589 2751 inter
602 2692 675 2752 haec
689 2690 806 2769 negotia
816 2687 956 2766 Iugurtha
967 2687 1120 2766 inpensius
1131 2705 1200 2748 mo·
1220 2694 1236 2744 3

135 2781 174 2842 do
189 2781 302 2859 legatos
317 2777 463 2856 supplices
478 2775 610 2848 mittere,
626 2793 729 2856 paoem
745 2791 843 2844 orare,
861 2779 977 2852 praeter
990 2790 1077 2832 suam
1091 2769 1200 2831 libero-

134 2881 262 2945 rumque
275 2862 367 2922 vitam
382 2860 481 2922 omnia
492 2860 607 2920 Metello
625 2859 741 2920 dedere.
769 2876 844 2936 ques
861 2857 933 2917 item
948 2855 993 2917 uti
1002 2856 1117 2934 priores
1128 2871 1201 2916 oon-
1221 2862 1241 2914 4

80 2957 114 3008 ao
134 2951 181 3012 sul
196 2950 321 3010 inlectos
335 2946 372 3007 ad
386 2945 585 3024 proditionem
599 2945 724 3005 domum
735 2941 910 3014 dimittebat,
924 2941 987 3020 regi
997 2959 1100 3020 pacem
1110 2958 1203 3020 quam

134 3032 305 3116 postulabat
319 3049 416 3110 neque
431 3029 560 3091 abnuere
574 3047 672 3108 neque
685 3027 818 3108 polliceri
829 3034 859 3087 et
869 3027 1007 3088 intereas
1019 3043 1119 3088 moras
1129 3043 1203 3104 pro·

135 3121 227 3182 missa
241 3119 405 3196 legatorum
419 3123 582 3194 expectare.
680 3155 683 3158 ι

220 3201 360 3281 Iugurtha
380 3200 432 3272 ubi
451 3199 559 3261 hletelli
578 3198 655 3259 diota
673 3215 743 3258 oum
763 3196 848 3258 lactis
866 3194 1027 3274 conposuit
1046 3213 1081 3254 ae
1095 3212 1126 3254 se
1140 3193 1202 3253 suis
1223 3188 1265 3250 ts

136 3289 247 3352 artibus
260 3285 401 3364 temptari
412 3283 628 3356 animadvortit,
644 3282 755 3362 quippe
769 3281 817 3342 cui
828 3279 923 3341 verbis
935 3298 992 3358 par
997 3277 1202 3348 nuntiabatur,

81 3391 115 3441 85
136 3381 267 3436 ceterum
281 3389 314 3432 re
325 3369 435 3431 bellum
447 3385 654 3448 asperrumum
664 3375 738 3439 erat,
753 3366 825 3426 urbs
837 3381 976 3426 maxuma
987 3361 1204 3438 alienataager

135 3457 272 3520 hostibus
287 3455 430 3534 cognitus,
446 3453 538 3514 animi
547 3451 735 3532 popularium
746 3449 889 3527 temptati,
906 3453 1024 3508 coactus
1035 3462 1137 3506 rerum
1148 3460 1204 3503 ne·

137 3541 315 3605 cessitudine
330 3539 432 3600 statuit
443 3538 532 3600 armis
544 3545 665 3598 certare.
688 3535 778 3614 igitur
788 3533 941 3613 explorato
952 3530 1085 3591 hostium
1097 3528 1201 3588 itinere
1221 3533 1238 3585 2

204 3725 221 3776 3
248 3732 335 3774 cetera
353 3739 380 3791 p.
400 3727 428 3772 in
451 3737 538 3788 marg.
555 3719 566 3789 ll
587 3720 699 3772 enudari
721 3717 752 3782 0,
775 3717 893 3768 nuntiare
916 3713 962 3765 PG
979 3710 991 3782 l
1015 3713 1046 3764 to
1068 3711 1204 3763 deditionis

137 3810 172 3844 erc
187 3792 395 3844 dedicacionisl’
411 3789 421 3858 ΙΙ
439 3791 468 3840 11
486 3789 606 3856 temptari
622 3805 649 3852 s,
665 3795 789 3854 temptare
802 3783 848 3836 Pe
857 3781 868 3852 ll
882 3782 914 3832 16
932 3795 1085 3848 quocumque
1095 3796 1127 3847 p,
1143 3795 1205 3844 quo-

138 3878 185 3928 que
195 3859 241 3927 Pl
256 3859 287 3910 18
300 3873 332 3909 ιιι
343 3857 394 3921 PC,
406 3859 449 3909 nel
463 3857 485 3908 C
493 3856 503 3925 ll
518 3857 549 3908 19
562 3857 587 3906 in
599 3856 699 3907 incerto
713 3847 965 3918 C,inom,PCl123
983 3857 1010 3900 et
1022 3849 1044 3900 si
1056 3853 1205 3914 paterentur

138 3929 323 3996 oportunitates
340 3925 396 3988 PC,
413 3933 439 3975 et
457 3925 479 3975 si
495 3931 645 3990 paterentur
662 3924 693 3973 oh
711 3922 763 3985 (vel
773 3921 895 3988 propter}
907 3918 1093 3982 oportunitates
1104 3911 1150 3974 all
1172 3911 1205 3961 26

140 4002 305 4048 commeatum
317 3994 463 4044 innatorum
475 3995 522 4054 leta
532 4009 558 4060 p,
570 3993 715 4043 innatorum
726 3992 758 4056 P)
768 3988 820 4052 PG,
830 3992 970 4038 commeatu
978 3985 1120 4033 intraturam
1129 3977 1205 4030 uad·

141 4068 225 4132 urgear
237 4063 248 4131 Ι
260 4063 294 4114 ’36
307 4062 425 4123 cognitus
434 4077 462 4128 p,
473 4066 596 4124 cognatus
609 4061 633 4110 P

971 4129 1004 4182 5*
