2846 4682
235 341 275 404 28
412 379 414 389 ,
545 338 801 404 ’,3333331333
818 337 921 390 331331

235 514 309 576 quae
320 495 479 558 victoribus
491 495 719 568 conluhuissent‚
732 495 799 556 fana
814 502 903 574 atque
913 495 1018 554 domos
1029 493 1157 572 spoliari,
1170 494 1290 556 caedem

235 581 369 642 incendia
387 581 462 652 11331,
487 587 638 659 postremo
657 581 747 641 armis
756 579 953 676 qcadaveribus
972 581 1076 640 cruore
1095 586 1183 658 atque
1209 579 1292 640 luctu

183 676 214 725 13
236 666 335 726 omnia
346 665 494 744 compleri.
523 665 586 737 sed,
608 665 746 744 perdens
761 665 938 736 3333313113,
954 683 1013 744 quo
1027 663 1075 725 illa
1090 665 1183 726 oratio
1198 665 1292 744 33311-

235 747 323 811 nuit?
342 767 379 812 an
389 751 434 811 uti
448 769 500 812 vos
514 751 637 812 13133133
657 751 849 812 coniurationi
863 746 1000 811 faceret?
1016 749 1125 810 33111331
1139 769 1228 830 quem
1242 769 1292 810 res

184 843 212 892 11
234 843 316 897 13313
334 843 438 896 ettam
454 843 537 896 atrox
549 853 612 897 non
625 837 785 918 permovit,
808 854 877 895 eum
892 835 985 896 333113
1001 835 1147 896 accendet.
1176 836 1293 896 333113
1316 853 1332 901 5

228 927 296 994 est,
318 938 414 1000 noque
439 921 575 1000 cuiquam
595 921 765 982 mortalium
785 921 907 982 iniuriae
929 939 999 982 suae
1017 939 1121 1000 parvae
1140 919 1290 981 videntur:

184 1011 215 1062 12
237 1005 322 1068 multi
334 1025 382 1068 eas
393 1007 507 1086 gravius
519 1025 613 1085 aequo
624 1006 761 1067 habuere.
791 1006 843 1066 sed
858 1006 912 1066 alia
923 1006 985 1066 aliis
997 1005 1113 1066 licentia
1123 1012 1177 1076 est,
1193 1012 1292 1084 patres

236 1091 400 1170 conscripti.
425 1091 475 1170 qui
482 1091 605 1152 demissi
621 1091 652 1150 in
667 1091 793 1152 obscuro
805 1091 894 1152 vitam
905 1091 1022 1162 habent,
1037 1090 1133 1168 siquid
1143 1089 1293 1150 iracundia

236 1176 397 1255 deliquere,
419 1175 504 1255 pauci
524 1175 634 1248 sciunt,
650 1176 728 1237 13333
747 1183 834 1256 atque
853 1177 970 1238 fortuna
989 1193 1092 1237 eorum
1108 1193 1193 1256 pares
1208 1184 1292 1236 sunt:

238 1261 288 1342 qui
299 1279 406 1340 magno
418 1261 541 1340 imperio
552 1262 675 1341 praediti
685 1263 716 1322 in
726 1263 841 1322 excelso
854 1268 978 1322 aetatem
988 1267 1087 1340 agunt,
1103 1279 1207 1321 eorum
1217 1261 1293 1321 facta
1319 1273 1351 1322 10

185 1355 216 1405 13
238 1346 335 1407 333311
353 1347 493 1408 mortales
507 1364 623 1407 novere.
653 1347 694 1408 ita
708 1347 739 1407 in
754 1365 891 1407 maxuma
905 1346 1023 1406 fortuna
1038 1347 1169 1406 minuma
1180 1345 1295 1406 licentia

186 1441 218 1491 14
238 1439 295 1492 estc
313 1449 410 1510 noque
424 1432 541 1492 studere
557 1451 653 1511 neque
668 1431 774 1504 odisse,
791 1432 843 1492 sed
858 1433 990 1492 minume
1002 1431 1088 1492 irasci
1099 1431 1191 1492 decet.
1219 1449 1294 1510 quae

238 1517 315 1596 apud
330 1517 401 1578 31133
415 1517 564 1578 iracundia
579 1517 692 1589 dicitur,
708 1537 741 1578 ea
755 1517 785 1576 in
800 1517 923 1595 imperio
939 1515 1075 1596 superbia
1089 1515 1295 1594 3131333313-

187 1609 218 1658 15
239 1602 305 1662 litas
325 1601 495 1682 appellatur.
530 1601 674 1681 equidem¹
688 1621 742 1681 ego
764 1602 806 1662 313
825 1601 986 1674 existumo,
1006 1608 1104 1680 patres
1124 1600 1294 1680 conscripti,

198 1723 201 1730 .
239 1686 337 1747 omnis
352 1686 496 1748 cruciatus
511 1687 641 1749 minores
657 1705 746 1766 quam
761 1687 890 1748 facinora
905 1686 1023 1747 illorum
1040 1705 1114 1748 3333.
1138 1686 1188 1746 sed
1204 1685 1294 1765 pleri-
1319 1699 1350 1750 15

239 1791 296 1852 que
311 1773 450 1834 mortales
464 1780 613 1851 postrema
628 1773 799 1845 meminere,
815 1780 845 1833 31
859 1773 890 1832 13
900 1771 1069 1833 hominibus
1079 1771 1166 1850 inpiis
1177 1771 1296 1832 sceleris

186 1864 217 1914 16
238 1876 343 1918 eorum
359 1857 442 1918 obliti
456 1857 491 1918 de
505 1876 600 1937 poena
611 1857 770 1930 disserunt,
787 1857 813 1918 si
827 1877 861 1919 ea
876 1858 963 1937 paulo
978 1857 1091 1918 saevior
1104 1856 1170 1917 1311.
1200 1857 1234 1916 n.
1247 1857 1295 1916 Si-

239 1943 338 2004 lanum
358 1943 454 2002 virum
478 1943 587 2004 fortem
611 1951 698 2022 atque
723 1951 878 2004 strenuum
905 1950 985 2004 certo
1006 1943 1067 2002 scio
1096 1959 1170 2021 quae
1191 1941 1297 2002 dixerit

239 2027 337 2090 studio
356 2027 545 2106 reipublicae
565 2028 673 2088 dixisse
693 2047 788 2108 neque
809 2029 893 2088 illurn
907 2028 938 2087 in
952 2035 1032 2088 tanta
1050 2038 1082 2086 33
1102 2027 1224 2106 gratiam
1245 2033 1296 2086 aut

239 2112 408 2174 inimicitias
421 2117 569 2173 exercere:
592 2133 643 2174 eos
657 2131 756 2173 mores
771 2131 893 2190 eamque
908 2112 1083 2172 modestiam
1097 2105 1150 2172 viri
1165 2111 1296 2191 cognovi.
1319 2123 1353 2175 20

188 2207 217 2256 11
240 2215 342 2258 verum
363 2197 506 2258 sententia
526 2198 588 2257 eius
613 2197 685 2258 milri
700 2215 762 2258 non
783 2197 906 2258 crudelis
925 2232 969 2240 —
991 2197 1061 2276 quid
1083 2197 1161 2256 enim
1181 2197 1212 2257 in
1230 2196 1296 2258 talis

240 2281 374 2342 homines
394 2282 510 2342 crudele
531 2281 594 2342 11331
612 2279 733 2362 potest?
747 2317 790 2326 —
809 2283 860 2343 sed
881 2281 974 2342 aliena
989 2301 1005 2342 a
1019 2301 1051 2342 re
1066 2282 1181 2360 publica
1196 2289 1297 2343 nostra

188 2375 219 2424 18
242 2367 364 2428 videtur.
394 2385 463 2427 nam
484 2368 616 2445 33313313
631 2375 681 2428 331
696 2375 793 2428 metus
808 2375 859 2428 aut
873 2367 979 2428 iniuria
993 2376 1022 2428 13
1038 2367 1166 2446 subegit,
1190 2367 1295 2438 Silone,

187 2460 218 2511 19
240 2452 390 2513 consulem
402 2446 584 2530 designatum
603 2469 694 2530 genus
711 2470 821 2532 poenae
832 2470 940 2513 novom
952 2453 1117 2512 decernere.
1144 2452 1180 2512 de
1191 2454 1297 2514 timore

240 2555 508 2616 supervacuaneum
521 2545 566 2597 est
577 2537 727 2610 disserere,
740 2557 807 2599 curn
818 2539 992 2618 praesertim
1003 2537 1149 2616 diligentia
1160 2538 1297 2598 clarissu-
1319 2551 1352 2602 25

185 2623 281 2684 10331
300 2621 353 2682 viri
368 2623 494 2682 consulis
509 2629 589 2684 tanta
602 2623 745 2703 praesidia
759 2623 819 2685 sint
832 2624 863 2684 13
878 2624 977 2684 armis.
1008 2624 1044 2684 de
1058 2641 1152 2702 poena
1174 2640 1297 2702 possum

239 2707 374 2786 equidem
387 2705 481 2768 dicere
493 2709 522 2768 id
534 2709 672 2788 quadres
683 2709 780 2782 hahet,
795 2709 826 2770 in
837 2710 919 2770 luctu
934 2718 1021 2790 atque
1032 2709 1157 2769 miseriis
1168 2715 1297 2768 mortem

136 2823 139 2831 =
240 2810 447 2854 aerumnarum
458 2793 591 2874 requiem
602 2813 663 2855 non
674 2795 836 2856 cruciatum
848 2814 920 2867 esse,
933 2813 997 2854 eam
1011 2801 1114 2854 cuncta
1127 2792 1297 2852 mortalium

185 2887 215 2938 21
241 2879 319 2939 mala
331 2877 496 2951 dissolvere,
511 2881 588 2940 ultra
598 2897 694 2960 neque
706 2897 792 2940 curae
803 2898 898 2958 neque
909 2879 1013 2958 gaudio
1025 2878 1124 2936 locum
1135 2893 1207 2935 esse.
1234 2875 1295 2947 sed,

239 2981 292 3042 333
303 2964 373 3025 deos
385 2963 558 3035 inmortalis,
572 2983 660 3043 quam
673 2965 781 3024 obrem
790 2965 821 3023 in
832 2963 1009 3024 sententiam
1020 2979 1081 3020 non
1091 2959 1235 3031 addidisti,
1251 2959 1296 3020 uti
1318 2975 1353 3025 33

185 3055 218 3106 22
240 3049 512 3128 prius‘verheribus
538 3049 569 3108 in
589 3069 640 3110 333
662 3043 965 3110 animadverteretur?
984 3063 1022 3106 an
1041 3045 1108 3124 quia
1128 3045 1173 3104 lex
1193 3045 1296 3106 Porcia

240 3132 341 3196 vetat?
356 3141 386 3194 at
399 3135 471 3195 aliae
486 3133 563 3212 leges
577 3134 649 3194 item
665 3133 865 3194 condemnatis
881 3131 990 3192 civibus
1008 3149 1069 3191 non
1085 3129 1211 3190 animam
1224 3129 1298 3210 eripi

43 3255 90 3295 sn,
116 3225 162 3296 ζα.
177 3221 292 3282 cased
306 3220 426 3282 exilium
441 3218 572 3298 permitti
588 3219 698 3280 iubent.
729 3236 766 3280 an
781 3218 848 3296 quia
862 3217 977 3296 gravius
989 3222 1034 3276 est
1044 3215 1190 3276 verberari
1207 3235 1297 3296 quam

90 3305 115 3325 υ
241 3303 359 3368 necari?
374 3305 445 3385 quid
459 3313 557 3366 autem
570 3304 708 3366 acerbum
719 3310 770 3364 aut
781 3303 870 3363 nimis
880 3321 966 3382 grave
977 3308 1023 3362 est
1033 3301 1065 3361 in
1075 3300 1211 3362 homines
1224 3301 1297 3363 tanti

188 3399 220 3450 11
241 3392 378 3453 1331133313
394 3387 567 3452 convictos?
581 3389 627 3452 sin
646 3389 713 3469 quia
728 3388 818 3449 levius
833 3396 891 3460 est,
908 3387 959 3467 qui
974 3387 1111 3448 convenit
1131 3387 1161 3446 in
1180 3387 1295 3448 minore
1316 3401 1349 3452 35

312 3614 322 3662 1
338 3613 503 3662 conlibuisset
514 3628 536 3676 3,
546 3610 617 3662 codd.
629 3613 776 3677 Augustini
786 3610 816 3662 da
828 3627 849 3661 c.
862 3611 886 3661 d.
899 3612 923 3676 1,
935 3611 952 3659 5
964 3609 974 3678 11
987 3611 1002 3660 3
1014 3607 1196 3676 3331133311Ρ1
1209 3610 1224 3656 4
1237 3623 1297 3657 333-

242 3681 368 3730 iuracione
385 3679 480 3730 1333331
497 3682 541 3741 (cco
552 3679 627 3743 13331)
641 3682 665 3731 Ρ
676 3681 685 3747 11
699 3683 714 3730 5
730 3679 856 3746 permouit
867 3678 918 3740 ΡΟ,
934 3685 1065 3744 permonet
1073 3693 1091 3744 3
1107 3681 1134 3728 in
1146 3692 1240 3742 marg,
1254 3675 1283 3727 V
1288 3675 1297 3743 1

242 3741 427 3810 accendet'l’C,
445 3747 557 3798 accendit
566 3763 585 3816 3
597 3750 625 3796 ire
636 3763 723 3814 marg.
727 3786 734 3812 ‚
752 3747 780 3799 V
780 3746 801 3796 C
811 3744 820 3814 1
834 3748 848 3796 8
865 3747 958 3796 liabent
970 3745 1025 3808 PC,
1041 3753 1119 3810 agunt
1166 3748 1192 3794 da
1201 3760 1295 3809 marg,

244 3817 269 3869 V
271 3815 292 3867 C
302 3813 312 3883 1
328 3817 355 3864 ll
369 3815 457 3868 333133
465 3814 516 3876 PC,
528 3815 643 3864 seuerior
653 3813 674 3864 C
684 3812 693 3882 11
707 3819 739 3866 'ld
751 3815 899 3868 modestiam
907 3831 943 3864 ea:
954 3814 1088 3864 mestitiam
1100 3815 1124 3863 P
1132 3761 1189 3880 123
1202 3811 1297 3876 silence

242 3888 266 3937 P
299 3886 331 3936 25
344 3897 572 3950 superuacuancum
584 3883 642 3942 PV,
656 3897 866 3948 superuacaneum
875 3899 894 3948 3
906 3885 934 3932 in
944 3897 1030 3947 marg.
1044 3881 1053 3946 11
1066 3881 1099 3930 26
1116 3881 1143 3930 13
1155 3880 1232 3929 armis
1245 3879 1296 3930 sint

243 3953 271 4007 V
304 3954 336 4002 30
349 3952 497 4003 sententium
509 3949 560 4012 PC,
572 3951 698 4000 sententia
708 3951 736 4002 V
736 3949 757 4000 C
767 3948 776 4017 1
789 3949 818 3999 31
833 3949 858 3999 13
871 3965 915 4001 333
927 3950 1077 4000 uerberibus
1086 3947 1114 3999 V
1125 3947 1134 4014 11
1146 3949 1296 3996 aduertere-

241 4023 340 4084 333133
352 4023 401 4084 331
414 4021 444 4086 Ρ,
456 4018 521 4070 anim
533 4021 559 4070 ia
570 4033 656 4084 marg.
666 4035 685 4086 3
698 4016 708 4085 1
720 4015 807 4084 porcio
819 4035 854 4068 33·
864 4018 947 4085 333113
957 4019 981 4068 Ρ
991 4016 1001 4086 1
1015 4018 1047 4068 32
1063 4016 1123 4066 item
1135 4016 1167 4065 (13
1178 4015 1296 4065 33331313-

242 4089 308 4142 untia
321 4089 347 4142 V
360 4088 370 4158 1
383 4090 415 4140 35
427 4088 483 4156 qui*
496 4087 650 4153 13133331Ρ,
662 4087 720 4154 quid
733 4086 772 4137 cal
782 4086 823 4154 qui
837 4085 858 4136 C
