2854 4678
492 365 535 414 llll
553 364 659 414 sunto
677 363 882 416 IUGURTlllNO
1006 391 1008 395 ·
1170 369 1212 430 97

153 525 268 598 partem
289 519 422 590 tertiam,
442 518 468 584 si
487 525 538 580 aut
551 519 677 580 Romani
691 517 787 580 Africa
807 517 921 596 expulsi
940 525 991 590 eut
1011 519 1131 598 integris
1150 521 1212 582 suis

153 603 260 665 fluibus
279 602 392 664 bellum
411 603 599 682 conpositum
620 603 706 670 foret.
737 622 773 664 eo
793 603 924 681 praemio
940 603 1063 665 inlectus
1079 605 1213 668 bocchus
1234 615 1249 664 3

153 705 221 748 oum
232 705 339 767 magna
349 687 536 748 mullitudine
546 687 717 766 Iugurtham
728 687 848 748 accedit.
866 687 906 748 ita
917 689 1074 760 amborum
1085 691 1214 751 exercitu

153 772 311 834 coniuncto
326 771 450 832 Marium
460 771 519 832 iam
531 772 561 832 in
571 772 693 832 hiberna
704 772 939 851 proficiscentem
950 773 997 832 vix
1009 773 1134 834 decuma
1144 793 1213 853 psr·

114 876 130 924 5
151 863 181 917 te
197 857 244 918 die
257 856 369 934 reliqua
383 856 537 928 invadunt,
560 856 615 917 reti
630 863 763 928 noctem,
786 875 860 934 quae
875 855 934 916 iam
949 857 1063 930 aderat,
1084 865 1115 918 et
1128 859 1212 920 victis

152 941 207 1002 sibi
222 941 408 1002 munimento
423 940 487 1002 fore
502 948 539 1013 ct,
557 941 580 1002 si
596 941 740 1010 vicissent,
756 940 837 1000 nullo
849 940 1070 1018 impedimento,
1087 941 1156 1021 quia
1166 943 1212 1004 lo-

150 1043 255 1086 corum
270 1025 395 1086 scientes
410 1031 502 1097 erant,
518 1033 620 1086 contra
634 1024 774 1086 Romanis
788 1031 950 1103 utrumque
965 1044 1066 1086 cesum
1080 1026 1112 1086 in
1127 1033 1211 1086 tene-

150 1109 211 1170 bris
227 1109 419 1170 diflioiliorem
435 1111 508 1170 fore.
538 1109 627 1188 igitur
640 1109 728 1170 simul
743 1109 846 1169 consul
861 1127 897 1168 ex
910 1109 1012 1170 multis
1027 1109 1062 1170 de
1077 1109 1211 1172 hostium
1232 1127 1249 1175 4

150 1193 278 1256 adventu
298 1193 433 1272 cognovit
453 1201 483 1254 et
503 1193 560 1273 ipsi
579 1193 678 1253 hostes
698 1193 820 1253 aderent
837 1199 865 1251 et
878 1193 1051 1272 priusquam
1067 1195 1211 1254 exercitus

95 1293 128 1342 10
150 1285 200 1338 aut
215 1279 320 1340 instrui
335 1285 385 1340 aut
400 1277 528 1338 sarcinas
543 1277 692 1355 colligere,
716 1276 840 1353 denique
856 1283 1014 1354 antequam
1029 1277 1146 1356 signum
1161 1286 1212 1338 aut

149 1363 306 1441 imperium
332 1362 424 1422 ullum
446 1361 575 1438 accipere
595 1361 702 1439 quivit,
729 1359 844 1438 equites
863 1358 956 1420 Mauri
977 1367 1064 1439 atque
1088 1361 1210 1433 Gaetuli,

148 1465 210 1508 uon
226 1447 287 1508 acie
304 1464 401 1525 neque
418 1445 478 1505 ullo
493 1463 577 1504 more
587 1444 679 1522 proeli
690 1443 741 1504 sed
753 1443 933 1516 catervatim,
950 1444 993 1503 uti
1005 1463 1139 1524 quosque
1149 1445 1211 1506 fors

149 1531 381 1611 conglobaverat,
396 1529 428 1588 in
442 1535 560 1590 nostros
575 1528 738 1588 incurrunt.
761 1527 812 1607 qui
827 1545 930 1596 omnes
945 1527 1051 1607 trepidi
1061 1529 1210 1607 inproviso
1232 1543 1246 1592 5
1350 1566 1353 1572 ·

148 1624 231 1676 metu
246 1635 280 1677 ac
290 1623 392 1676 tamen
402 1613 517 1673 virtutis
529 1631 677 1672 memores
687 1617 738 1672 aut
749 1629 830 1672 arma
841 1611 993 1690 capiebant
1006 1619 1056 1672 aut
1070 1613 1210 1692 capientis

97 1712 127 1762 15
150 1701 221 1760 alios
238 1699 273 1760 ab
291 1698 423 1762 hostibus
439 1696 643 1769 defensabant3
658 1714 727 1775 pars
742 1715 834 1774 equos
850 1697 1020 1767 escendere,
1037 1696 1151 1757 obviam
1167 1698 1211 1758 ire

148 1785 298 1856 hostibus,
313 1799 410 1862 pugna
424 1780 577 1842 latrocinio
592 1780 684 1859 magis
699 1799 789 1858 quam
804 1780 915 1860 proelio
930 1780 1033 1840 similis
1049 1781 1125 1853 fieri,
1147 1781 1210 1841 sine

148 1869 238 1947 signis
249 1869 312 1928 sine
324 1865 476 1927 ordinibus
488 1865 601 1944 equites
613 1865 784 1944 peditesque
796 1864 933 1942 permixti
944 1863 1125 1924 cederealius
1137 1865 1209 1926 alius

149 1951 332 2022 obtruncari,
353 1950 439 2010 multi
459 1955 561 2010 contra
576 1949 716 2009 advorsos
731 1966 883 2010 acerrume
897 1955 1066 2026 pugnantes,
1074 1948 1113 2018 ab
1127 1955 1209 2028 tergo

149 2035 369 2107 circumveniri3
384 2051 480 2113 neque
495 2033 589 2092 virtus
603 2049 699 2110 neque
715 2050 796 2092 arma
812 2031 883 2092 satls'
896 2039 1008 2110 tegere,
1024 2032 1093 2111 quia
1108 2033 1209 2092 hostes

94 2129 128 2179 20
149 2139 275 2182 numero
291 2119 390 2198 plures
402 2125 431 2178 et
441 2116 571 2194 undique
582 2115 752 2177 circumfusi
764 2123 855 2176 erant.
883 2115 1009 2194 denique
1020 2115 1147 2178 Romani
1158 2135 1209 2176 ve-

149 2214 227 2266 teres
242 2204 369 2282 novique
384 2209 414 2262 et
428 2201 466 2262 ob
483 2221 515 2262 ca
530 2201 654 2262 scientes
668 2199 745 2273 belli,
760 2200 862 2279 siquos
877 2200 958 2261 loous
973 2207 1024 2260 eut
1041 2219 1125 2262 casus
1136 2217 1208 2273 cone,

146 2291 290 2360 iunxerat,
306 2287 385 2348 orbis
399 2287 496 2346 facere
512 2291 599 2364 atque
610 2286 650 2345 ita
661 2285 697 2345 ab
709 2285 846 2345 omnibus
857 2284 989 2364 pertibus
1000 2285 1088 2346 simul
1098 2285 1168 2345 tecti
1179 2291 1210 2355 et

147 2373 283 2436 instructi
293 2372 422 2432 hostium
435 2371 494 2430 vim
505 2369 716 2430 sustentabant.
739 2387 835 2448 neque
847 2369 878 2428 in
889 2375 995 2430 oetam
1004 2385 1208 2448 esperonego-
1229 2373 1271 2436 08

147 2459 190 2520 tio
202 2457 309 2520 Marius
323 2456 443 2518 territus
457 2460 508 2515 sut
522 2454 614 2532 magis
632 2471 719 2532 quam
732 2460 815 2514 antea
827 2452 955 2514 demisso
967 2453 1065 2512 animo
1076 2453 1141 2524 fuit,
1157 2453 1210 2513 sed

94 2557 127 2606 25
149 2563 217 2604 oum
232 2551 332 2604 turma
342 2559 404 2612 sue,
421 2558 511 2618 quam
522 2557 558 2598 er
568 2537 746 2598 fortissumis
759 2537 851 2615 magis
863 2555 952 2614 quam
963 2536 1209 2596 familiarissumis

147 2633 314 2708 paraverat,
332 2625 427 2704 vagari
447 2623 556 2702 passim
575 2640 609 2682 ao
629 2622 719 2682 modo
738 2621 938 2682 laborantibus
953 2621 1015 2680 suis
1029 2636 1208 2690 succurrere,

149 2713 239 2774 modo
254 2709 359 2781 hostis,
373 2707 425 2768 ubi
439 2705 656 2768 confertissumi
671 2704 852 2776 obstiterant,
869 2703 1019 2776 invadere3
1035 2720 1126 2763 manu
1136 2720 1209 2762 oon-

148 2797 245 2858 sule're
260 2792 411 2865 militibus,
427 2791 565 2870 quoniam
581 2791 725 2868 imperare
739 2787 919 2848 conturbatis
932 2786 1069 2847 omnibus
1081 2803 1143 2846 non
1152 2803 1208 2864 po-

148 2887 234 2942 terat.
260 2880 378 2956 iamque
392 2875 453 2936 dies
468 2880 661 2952 consumptus
676 2879 747 2944 erat,
763 2890 832 2932 cum
842 2877 943 2932 tamen
952 2870 1067 2932 barbari
1077 2869 1149 2930 nibil
1159 2885 1207 2929 re·
1230 2881 1245 2931 2

96 2979 131 3029 3ο
150 2966 268 3026 mittere
283 2969 381 3040 atque,
396 2960 441 3020 uti
456 2977 539 3037 reges
555 2963 772 3036 praeceperant,
788 2962 907 3017 noctem
921 2973 975 3034 pro
987 2975 1019 3014 se
1030 2954 1096 3024 reti,
1113 2953 1208 3014 acrius

151 3050 271 3110 instare.
300 3054 366 3108 tum
381 3043 488 3104 Marius
503 3062 539 3102 ex
554 3041 637 3120 copis
652 3059 752 3101 rerum
768 3039 923 3101 consilium
937 3039 1040 3110 trehit,
1062 3044 1150 3118 etque
1164 3036 1210 3104 uti
1231 3049 1245 3098 3

150 3133 212 3194 suis
226 3129 358 3210 receptui
371 3128 453 3189 locus
469 3133 556 3196 esset,
573 3125 654 3185 collis
667 3125 741 3184 duos
752 3125 935 3202 propinquos
946 3123 1023 3183 inter
1033 3139 1065 3182 se
1077 3127 1210 3200 occupat,

151 3211 280 3296 quorum
294 3215 326 3274 in
339 3229 399 3272 uno
415 3211 517 3272 cestris
532 3227 638 3288 parum
652 3208 750 3288 amplo
761 3209 829 3268 fons
842 3225 934 3286 aquae
945 3223 1068 3284 magnus
1078 3212 1151 3277 eret,
1167 3205 1210 3266 el.-

150 3309 198 3362 ter
211 3300 279 3360 usui
293 3303 494 3377 opportunus,
510 3294 579 3372 quia
593 3311 698 3370 magne
713 3299 796 3370 parte
811 3291 906 3351 editus
922 3296 952 3348 et
965 3307 1104 3368 praeceps
1118 3305 1210 3366 pauca
1246 3356 1249 3362 Ι

98 3401 132 3450 35
152 3385 339 3445 munimenta
358 3378 524 3458 quaerebat.
554 3384 685 3437 ceterum
704 3376 782 3454 apud
797 3391 902 3452 equam
919 3372 1029 3432 Sullam
1044 3389 1112 3432 oum
1127 3370 1211 3448 equi-
1231 3386 1248 3434 4

224 3529 235 3578 1
256 3530 278 3580 si
290 3536 334 3578 sut
346 3545 381 3578 erc
393 3529 461 3578 sicut
473 3529 496 3577 P
507 3525 546 3593 114
563 3526 608 3575 nix
636 3562 643 3589 ,
656 3525 728 3574 iuxta
740 3525 764 3574 P
774 3520 785 3590 ll
798 3525 813 3572 5
831 3521 871 3571 die
881 3515 918 3570 ‘in
930 3519 1084 3572 reverendae
1095 3521 1212 3568 vetusta-

154 3601 189 3647 tis
199 3595 272 3647 libre'
284 3599 380 3646 obvenit
394 3595 489 3646 Gellius
500 3594 524 3658 9,
534 3595 581 3655 14,
590 3594 608 3642 2
630 3630 637 3656 ‚
649 3595 735 3656 itaque
743 3593 767 3642 P
777 3595 803 3640 et
814 3605 850 3638 ere
860 3588 958 3639 Cunus
968 3603 1046 3638 manu
1056 3589 1152 3653 prima,
1163 3584 1213 3634 diei

158 3665 179 3714 C
190 3662 199 3732 ΙΙ
215 3665 243 3714 11
264 3663 345 3730 quiuit
357 3663 407 3727 PC,
419 3661 542 3728 quiuisset
555 3657 596 3726 ΟΙΙ
611 3659 642 3708 15
659 3659 795 3708 escendere
808 3658 956 3706 Arusianus
965 3671 992 3722 p.
1004 3653 1063 3719 229,
1076 3653 1214 3703 escendere

156 3731 220 3798 Poll
236 3731 266 3781 16
284 3730 395 3780 latronie
408 3731 432 3780 P
444 3727 453 3794 ΙΙ
468 3729 497 3778 17
517 3727 662 3793 peditesque
674 3725 727 3788 ΡΟ,
737 3740 783 3791 que
795 3739 844 3774 em.
859 3721 899 3788 011
912 3723 1000 3772 cedere
1012 3722 1077 3772 nlius
1090 3720 1155 3770 alius
1169 3719 1214 3769 ob-

156 3799 271 3850 truncari
282 3799 388 3864 scripsi,
405 3797 494 3846 cedere
511 3795 574 3844 elios
590 3793 656 3843 alies
673 3791 824 3842 obtruncare
840 3789 886 3842 Po
896 3791 962 3852 (nisi
971 3789 1039 3854 quod
1049 3789 1153 3838 caedere
1164 3785 1213 3836 ate·-

157 3867 241 3931 quot),
258 3865 349 3914 cedere
361 3863 405 3912 elii
417 3861 461 3912 alii
473 3861 625 3912 obtruncare
637 3859 764 3910 roseros
780 3857 790 3925 b
810 3858 841 3906 18
859 3856 931 3908 multi
946 3857 1107 3916 Dietsobs'us,
1119 3853 1212 3904 nrultcs
1301 3891 1303 3894 ,

157 3933 208 3995 PC,
219 3931 301 3982 multo
313 3929 354 3995 011
369 3930 398 3978 111
417 3929 511 3978 circum
527 3927 609 3977 ueniri
620 3929 655 3990 P,
673 3925 855 3976 circumuenire
869 3923 913 3990 Cb
930 3923 962 3972 22
981 3921 1064 3972 facere
1083 3923 1113 3982 0,
1130 3917 1213 3968 fecere

159 3999 205 4050 PC
214 3996 224 4066 ΙΙ
237 3999 268 4047 21
288 3997 441 4046 obstiterant
454 3997 477 4045 P
488 3991 498 4060 ΙΙ
511 3995 544 4044 34
555 3994 622 4043 uisui
634 4009 669 4044 ecc
681 3995 738 4044 usui
749 3995 773 4044 P
785 3990 795 4060 b
807 3993 875 4042 edita
887 3993 911 4042 P
922 3989 932 4058 b
945 3991 977 4041 35
990 3987 1125 4054 quaerebat
1137 4000 1157 4048 a,
1170 3999 1214 4048 ge·

160 4067 249 4116 rebant
260 4064 312 4126 PC,
324 4062 430 4127 gerebat
441 4062 481 4112 uel
491 4061 595 4126 regebat
608 4059 630 4110 0

213 4147 345 4188 Sallustius.
999 4134 1013 4180 7
