2846 4682
213 364 252 426 62
559 413 561 418 ,
576 360 602 411 C.
616 359 776 412 SALLUSTI
794 359 895 412 CRISPl

211 517 242 578 in
260 515 477 596 expeditionem
498 521 600 576 evocat
619 515 791 594 magnisque
805 512 958 576 itineribus
973 513 1070 576 hieme
1085 531 1188 594 aspera
1201 535 1275 596 per-

173 613 189 664 t
211 601 290 664 venit
304 601 340 664 ad
355 600 497 680 oppidum
512 599 629 671 Suthul,
644 599 696 662 ubi
710 599 786 678 regis
800 599 932 662 thesauri
946 606 1038 660 erant.
1070 600 1149 679 quod
1164 619 1274 680 quam-

212 705 301 766 quam
315 693 347 746 et
360 685 479 746 saevitia
492 685 636 764 temporis
651 691 681 746 et
692 684 912 765 opportunitate
924 683 980 745 loei
991 701 1087 763 neque
1099 685 1163 765 oapi
1174 703 1273 765 neque

211 771 337 832 obsideri
348 776 464 850 poterat
477 803 521 814 -
534 786 605 832 narn
619 769 730 830 oireum
741 787 863 830 murum
874 771 966 830 sitnm
977 769 1008 829 in
1019 770 1170 850 praerupti
1180 789 1271 832 mon-

210 857 248 918 tis
268 862 401 916 extremo
420 853 555 934 planities
580 854 685 915 limosa
704 853 880 915 hiemalibus
900 854 983 933 aquis
1002 853 1140 934 paludem
1159 856 1271 918 feeerat
1294 867 1311 916 5
1421 929 1422 938 χ

209 975 253 986 ·-
271 947 378 1021 'tamen
397 946 447 1001 aut
467 939 624 1000 simulandi
643 938 749 1018 gratia,
771 957 829 1018 quo
849 939 911 1019 regi
928 939 1120 1001 formidinem
1139 941 1268 1014 adderet,

210 1033 261 1087 aut
282 1024 416 1106 cupidine
436 1042 539 1086 oaeeus
555 1023 592 1084 oh
606 1017 761 1085 thesauros
776 1023 877 1104 oppidi
890 1025 1040 1103 potiundi,
1061 1025 1159 1085 vineas
1175 1044 1269 1104 agere,

148 1107 189 1170 88
209 1129 344 1192 aggerem
365 1110 472 1181 iacere,
492 1108 606 1188 ahaque
621 1127 696 1188 quae
710 1108 827 1187 incepto
842 1109 910 1170 usui
923 1108 1022 1169 loreut
1036 1126 1205 1188 properare.
1238 1117 1271 1171 at

209 1196 348 1274 Iugurtha
369 1193 483 1272 cognita
505 1192 632 1254 vanitate
647 1199 735 1272 atque
750 1193 886 1273 inperitia
899 1193 985 1272 legati
1000 1193 1122 1256 subdole
1137 1193 1199 1254 eius
1214 1213 1270 1256 eu-

209 1299 277 1359 gere
288 1278 457 1349 amentiam,
469 1277 613 1338 missitare
625 1278 815 1357 supplicantis
830 1277 949 1358 legatos,
965 1279 1028 1358 ipse
1039 1279 1122 1358 quasi
1132 1279 1269 1340 vitabun-
1294 1291 1330 1343 to

173 1375 188 1424 2
210 1365 265 1426 dus
284 1381 338 1444 per
357 1362 486 1424 saltuosa
504 1363 569 1424 loca
589 1369 618 1424 et
640 1363 773 1424 tramites
793 1362 954 1424 exereitum
976 1363 1105 1424 ductare.
1141 1363 1268 1443 denique

209 1447 318 1509 Aulum
335 1467 387 1527 spe
407 1447 550 1528 pactionis
565 1447 707 1526 perpulit,
723 1447 768 1508 uti
781 1447 883 1510 relicto
902 1448 1027 1509 Suthule
1043 1448 1075 1509 in
1093 1448 1206 1510 abditas
1217 1467 1267 1510 re-

208 1534 309 1612 giones
329 1551 393 1593 sese
412 1531 502 1594 veluti
520 1531 675 1594 oedentem
690 1533 909 1611 insequeretur:
931 1533 972 1594 ita
986 1532 1090 1594 delicta
1109 1532 1268 1595 omultiora

172 1619 301 1680 eluere.
335 1617 447 1678 interea
471 1636 524 1696 per
547 1618 685 1678 homines
710 1617 827 1678 callidos
854 1618 904 1678 diu
930 1625 1080 1697 noctuque
1105 1617 1268 1679 exercitum

208 1702 384 1783 temptabat,
407 1702 595 1764 centuriones
611 1703 760 1782 ducesque
773 1709 940 1764 turmarum
954 1703 1062 1782 partim
1076 1703 1121 1764 uti
1134 1703 1266 1764 transfu-
1291 1713 1324 1766 15

171 1800 188 1850 4
207 1794 310 1868 gerent
330 1805 539 1867 eomnmpme,
561 1786 608 1848 alii
628 1787 712 1866 signo
729 1787 798 1848 dato
812 1787 910 1848 looum
924 1787 969 1848 uti
983 1787 1161 1850 desererent.
1192 1806 1267 1868 quiae

207 1880 365 1952 postquem
385 1892 421 1932 ex
442 1871 587 1933 sententia
605 1871 739 1944 instruit,
760 1871 938 1950 intempesta
957 1879 1043 1949 nepte
1063 1873 1099 1934 de
1118 1873 1267 1952 inproviso

171 1969 187 2017 5
208 1957 395 2018 multitudine
410 1956 604 2018 Numidarum
615 1956 682 2018 Auli
693 1953 998 2018 oestraoireumvenitss
1021 1957 1130 2019 milites
1141 1957 1268 2019 Romani

207 2041 333 2122 perculsi
347 2041 479 2102 tumultu
493 2041 610 2102 insolito
626 2060 707 2103 mma
719 2059 822 2120 rapere
837 2040 944 2102 aliialii
957 2061 989 2102 se
1001 2041 1115 2114 abdere,
1126 2062 1194 2122 pars
1205 2050 1268 2104 ter·

208 2128 282 2188 ritos
303 2127 491 2198 confirmare,
509 2125 657 2205 trepidare
676 2127 813 2187 omnihus
832 2124 913 2188 loeis.
943 2126 986 2187 vis
1006 2145 1111 2207 magna
1124 2128 1266 2200 hostium,
1289 2137 1326 2188 20

210 2211 325 2272 eaelum
339 2218 425 2272 noete
441 2218 529 2290 atque
543 2209 671 2272 nubibus
686 2211 885 2284 obscuratum,
900 2211 1063 2290 perieulum
1078 2229 1193 2292 anceps,
1211 2233 1268 2292 po·

173 2309 188 2360 6
209 2303 321 2356 strenuo
340 2296 440 2374 fugere
462 2314 500 2358 arr
518 2313 638 2356 manere
658 2296 752 2358 tutius
771 2296 862 2369 foret,
884 2297 915 2356 in
935 2296 1047 2358 incerto
1063 2305 1135 2358 erat.
1164 2297 1217 2360 sed
1230 2317 1268 2360 ex

209 2400 244 2442 eo
260 2399 395 2452 numero,
412 2397 486 2460 quos
501 2379 589 2460 paulo
604 2387 672 2441 ante
687 2388 847 2460 oonruptos
863 2380 999 2454 diximus
1016 2383 1122 2444 cohors
1140 2399 1199 2443 una
1216 2381 1266 2444 Li-

208 2483 315 2546 gurum
329 2484 398 2527 oum
413 2465 526 2526 duabus
540 2465 648 2526 turmis
662 2465 810 2526 Thracum
825 2473 854 2527 et
866 2466 966 2546 paucis
976 2467 1113 2546 gregariis
1124 2466 1266 2528 militibus

120 2580 122 2591 ι
207 2551 350 2612 transiere
376 2549 412 2611 ed
432 2568 545 2630 regern,
565 2557 595 2611 et
615 2551 748 2612 centurio
769 2551 858 2630 primi
877 2551 928 2630 pili
946 2551 1051 2612 tertiae
1073 2551 1193 2631 legionis
1213 2571 1267 2631 per
1287 2561 1324 2612 25

208 2636 413 2706 munitionem,
430 2653 520 2714 quam
534 2635 578 2695 uti
592 2634 763 2696 defenderet
777 2643 939 2716 acceperat,
955 2637 1054 2698 loeum
1067 2636 1203 2698 hostibus
1218 2637 1265 2698 iu·

172 2721 344 2784 ttroeundi
372 2719 452 2780 dedit
472 2738 564 2799 eaque
587 2720 730 2781 Numidae
752 2715 851 2782 ounoti
871 2721 1018 2801 inrupere.
1060 2721 1155 2782 nostri
1180 2721 1268 2782 loeda

205 2806 283 2884 luga,
299 2804 431 2884 plerique
451 2803 571 2866 abiectis
591 2805 694 2878 armis,
714 2823 894 2885 proxumum
916 2805 1021 2868 eollem
1042 2812 1266 2886 occupaverunt.

170 2905 185 2954 8
206 2908 266 2950 nox
277 2897 365 2968 atque
373 2889 480 2968 praeda
492 2895 657 2950 castrorum
667 2890 772 2963 hostis,
788 2909 848 2970 quo
859 2890 958 2952 minus
969 2891 1091 2951 viatoria
1100 2897 1266 2962 uterentur,

170 2988 186 3036 9
206 2981 355 3034 remorata
369 2981 447 3034 sunt.
478 2974 582 3034 deinde
597 2975 736 3052 Iugurtha
751 2983 871 3056 postero
886 2975 932 3036 die
947 2992 1016 3036 eum
1027 2975 1102 3036 Aulo
1117 2977 1149 3038 in
1161 2976 1262 3037 conlo-
1285 2983 1324 3034 30
1421 2979 1422 2996 ²

207 3058 276 3135 quio
303 3057 390 3118 verba
413 3057 492 3118 lacit.
525 3059 644 3119 tametsi
669 3059 766 3138 ipsum
792 3079 860 3122 eum
885 3060 1015 3122 exercitu
1038 3061 1116 3121 lame
1137 3069 1167 3122 et
1186 3061 1266 3122 ferro

207 3143 339 3204 clausum
353 3149 478 3215 teneret,
494 3149 595 3204 tamen
610 3162 642 3203 se
656 3161 822 3206 memorem
836 3147 1034 3206 humanarum
1049 3163 1159 3218 rerum,
1175 3145 1200 3205 si
1216 3164 1265 3206 se-

206 3245 274 3288 cum
285 3227 390 3288 foedus
401 3227 519 3299 laceret,
530 3226 685 3289 incolumis
698 3229 794 3290 omnis
806 3230 861 3291 suh
872 3230 973 3310 iugum
985 3230 1156 3292 missurum.
1179 3249 1267 3309 prae-

153 3328 184 3379 10
204 3321 285 3374 terea
308 3311 352 3374 uti
377 3311 478 3373 diebus
498 3311 600 3374 deeem
620 3311 756 3374 Numidia
783 3314 943 3382 decederet.
982 3333 1056 3394 quae
1085 3333 1265 3395 quamquam

274 3599 285 3648 l
306 3598 468 3664 expeditione
482 3599 510 3656 (ὅ
518 3599 547 3666 p)
559 3619 571 3646 r
583 3617 596 3648 s
608 3607 698 3650 eueeet
710 3598 755 3668 ΡΙ]
768 3601 784 3651 6
796 3601 900 3652 adderet
911 3617 947 3651 ece
958 3602 1048 3652 ederet
1057 3600 1102 3669 Pp
1115 3602 1131 3652 8
1143 3603 1185 3652 iau
1197 3621 1223 3649 *a
1235 3615 1263 3651 re

203 3668 233 3727 P,
245 3666 357 3734 iecerep
370 3663 380 3734 ΙΙ
393 3667 409 3716 9
427 3665 531 3716 subdole
540 3666 588 3734 pC,
601 3667 707 3718 subdolo
719 3669 751 3747 ζ’,
763 3668 883 3719 subdolus
896 3667 936 3786 Cp
952 3669 983 3718 to
1000 3670 1054 3746 vite
1066 3690 1106 3718 *aa
1115 3669 1212 3752 handus
1224 3669 1266 3736 Pi

204 3733 235 3814 l2
248 3733 341 3796 aulum]
352 3749 380 3784 u.
392 3732 428 3782 ad
439 3750 466 3801 p.
480 3735 513 3814 61Ι
519 3773 527 3800 ,
540 3734 597 3802 3311
612 3735 642 3784 13
656 3735 806 3814 oeultJore*
822 3735 902 3796 taetre
947 3737 1010 3800 (aed
1026 3744 1092 3800 tJora
1110 3754 1138 3816 er
1153 3752 1263 3800 aarum

202 3816 328 3919 iimo·
338 3800 525 3934 ttlltl'l
533 3802 578 3919 lb
586 3803 731 3938 325⁰}in
738 3801 809 3938 illl
823 3802 999 3939 iiiiiiiffl
1011 3805 1045 3941 {fi
1056 3804 1265 3939 tttlldtt

202 3937 235 3986 22
247 3933 335 4000 fugere
347 3933 482 3999 aufugere
495 3935 539 4004 Pll
553 3937 584 3986 27
596 3937 758 4018 irrumppere
772 3937 816 4007 ΡΙΙ
833 3940 866 3990 28
885 3948 1071 4007 occupauerunt
1088 3940 1139 4007 PC,
1156 3956 1262 4006 oocupa-

201 4035 262 4072 uere
277 4019 316 4089 Cll
330 4021 363 4072 30
375 4027 473 4070 remota
485 4021 509 4072 Ρ
520 4018 529 4089 Η
542 4022 608 4085 aulo]
622 4037 644 4073 e.
656 4021 697 4072 ed.
708 4039 735 4090 p.
748 4021 790 4088 61,
802 4023 859 4092 3311
872 4024 905 4076 32
919 4032 1019 4078 teneret
1030 4041 1057 4089 z,
1070 4033 1140 4076 tenet
1151 4023 1198 4076 ΡΟ
1206 4022 1217 4092 l
1229 4025 1262 4075 34

201 4089 334 4140 decederet
346 4088 397 4152 PC,
409 4087 552 4140 diseederet
565 4088 586 4139 0
