<?xml version="1.0" encoding="UTF-8"?>
<!DOCTYPE html PUBLIC "-//W3C//DTD XHTML 1.0 Transitional//EN"
    "http://www.w3.org/TR/xhtml1/DTD/xhtml1-transitional.dtd">
<html xmlns="http://www.w3.org/1999/xhtml" xml:lang="en" lang="en">
 <head>
  <title>
</title>
<meta http-equiv="Content-Type" content="text/html;charset=utf-8" />
  <meta name='ocr-system' content='tesseract 3.04.00' />
  <meta name='ocr-capabilities' content='ocr_page ocr_carea ocr_par ocr_line ocrx_word'/>
</head>
<body>
  <div class='ocr_page' id='page_1' title='image "./csallusticrispi00jordgoog_0153.png"; bbox 0 0 2854 4678; ppageno 0'>
   <div class='ocr_carea' id='block_1_1' title="bbox 124 361 949 430">
    <p class='ocr_par' dir='ltr' id='par_1_1' title="bbox 124 361 949 430">
     <span class='ocr_line' id='line_1_1' title="bbox 124 361 949 430; baseline -0.012 -6"><span class='ocrx_word' id='word_1_1' title='bbox 124 373 126 377; x_wconf 80' lang='grc'><strong>’</strong></span> <span class='ocrx_word' id='word_1_2' title='bbox 233 370 311 430; x_wconf 85' lang='grc'>140,</span> <span class='ocrx_word' id='word_1_3' title='bbox 561 362 693 414; x_wconf 82' lang='lat' dir='ltr'>lucuurl</span> <span class='ocrx_word' id='word_1_4' title='bbox 710 362 755 413; x_wconf 82' lang='lat' dir='ltr'>Ab</span> <span class='ocrx_word' id='word_1_5' title='bbox 773 361 949 414; x_wconf 74' lang='lat' dir='ltr'><strong>CAESAREM</strong></span> 
     </span>
    </p>
   </div>
   <div class='ocr_carea' id='block_1_2' title="bbox 187 514 1414 938">
    <p class='ocr_par' dir='ltr' id='par_1_2' title="bbox 187 514 1288 768">
     <span class='ocr_line' id='line_1_2' title="bbox 187 514 1288 599; baseline 0.001 -19"><span class='ocrx_word' id='word_1_6' title='bbox 187 521 208 580; x_wconf 86' lang='lat' dir='ltr'>o</span> <span class='ocrx_word' id='word_1_7' title='bbox 315 519 373 580; x_wconf 89' lang='lat' dir='ltr'>Sed</span> <span class='ocrx_word' id='word_1_8' title='bbox 393 519 463 599; x_wconf 90' lang='lat' dir='ltr'>quid</span> <span class='ocrx_word' id='word_1_9' title='bbox 483 535 536 596; x_wconf 88' lang='lat' dir='ltr'>ego</span> <span class='ocrx_word' id='word_1_10' title='bbox 556 516 640 598; x_wconf 84' lang='lat' dir='ltr'>plura</span> <span class='ocrx_word' id='word_1_11' title='bbox 655 516 738 598; x_wconf 88' lang='lat' dir='ltr'>quasi</span> <span class='ocrx_word' id='word_1_12' title='bbox 753 517 789 579; x_wconf 89' lang='lat' dir='ltr'>de</span> <span class='ocrx_word' id='word_1_13' title='bbox 803 515 908 598; x_wconf 81' lang='lat' dir='ltr'>ignotis</span> <span class='ocrx_word' id='word_1_14' title='bbox 923 514 1109 580; x_wconf 73' lang='lat' dir='ltr'>memorem?</span> <span class='ocrx_word' id='word_1_15' title='bbox 1138 517 1176 579; x_wconf 86' lang='lat' dir='ltr'>ld.</span> <span class='ocrx_word' id='word_1_16' title='bbox 1191 518 1288 581; x_wconf 80' lang='lat' dir='ltr'>bibuli</span> 
     </span>
     <span class='ocr_line' id='line_1_3' title="bbox 229 601 1286 684; baseline 0.002 -20"><span class='ocrx_word' id='word_1_17' title='bbox 229 603 372 666; x_wconf 84' lang='lat' dir='ltr'>fortitudo</span> <span class='ocrx_word' id='word_1_18' title='bbox 398 609 486 683; x_wconf 90' lang='lat' dir='ltr'>atque</span> <span class='ocrx_word' id='word_1_19' title='bbox 504 601 594 664; x_wconf 89' lang='lat' dir='ltr'>animi</span> <span class='ocrx_word' id='word_1_20' title='bbox 614 601 656 662; x_wconf 83' lang='lat' dir='ltr'>vis</span> <span class='ocrx_word' id='word_1_21' title='bbox 675 601 707 662; x_wconf 93' lang='lat' dir='ltr'>in</span> <span class='ocrx_word' id='word_1_22' title='bbox 726 601 911 664; x_wconf 89' lang='lat' dir='ltr'>consulatum</span> <span class='ocrx_word' id='word_1_23' title='bbox 932 602 1043 683; x_wconf 77' lang='lat' dir='ltr'>erupit3</span> <span class='ocrx_word' id='word_1_24' title='bbox 1068 602 1158 664; x_wconf 84' lang='lat' dir='ltr'>hebes</span> <span class='ocrx_word' id='word_1_25' title='bbox 1177 603 1286 684; x_wconf 88' lang='lat' dir='ltr'>lingua,</span> 
     </span>
     <span class='ocr_line' id='line_1_4' title="bbox 230 685 1286 768; baseline 0.001 -19"><span class='ocrx_word' id='word_1_26' title='bbox 230 688 321 768; x_wconf 87' lang='lat' dir='ltr'>magis</span> <span class='ocrx_word' id='word_1_27' title='bbox 336 688 430 749; x_wconf 89' lang='lat' dir='ltr'>malus</span> <span class='ocrx_word' id='word_1_28' title='bbox 446 705 535 768; x_wconf 90' lang='lat' dir='ltr'>quam</span> <span class='ocrx_word' id='word_1_29' title='bbox 550 685 670 749; x_wconf 89' lang='lat' dir='ltr'>callidus</span> <span class='ocrx_word' id='word_1_30' title='bbox 685 686 810 766; x_wconf 87' lang='lat' dir='ltr'>ingenio.</span> <span class='ocrx_word' id='word_1_31' title='bbox 841 687 910 766; x_wconf 81' lang='lat' dir='ltr'>(prid</span> <span class='ocrx_word' id='word_1_32' title='bbox 924 688 972 750; x_wconf 89' lang='lat' dir='ltr'>ille</span> <span class='ocrx_word' id='word_1_33' title='bbox 987 687 1103 761; x_wconf 81' lang='lat' dir='ltr'><strong>audeat,</strong></span> <span class='ocrx_word' id='word_1_34' title='bbox 1126 688 1198 768; x_wconf 91' lang='lat' dir='ltr'>quoi</span> <span class='ocrx_word' id='word_1_35' title='bbox 1212 706 1286 750; x_wconf 88' lang='lat' dir='ltr'>con-</span> 
     </span>
    </p>

    <p class='ocr_par' dir='ltr' id='par_1_3' title="bbox 194 769 1414 938">
     <span class='ocr_line' id='line_1_5' title="bbox 194 769 1414 852; baseline -0.001 -15"><span class='ocrx_word' id='word_1_36' title='bbox 194 787 209 837; x_wconf 99' lang='grc'><strong>2</strong></span> <span class='ocrx_word' id='word_1_37' title='bbox 230 773 354 846; x_wconf 85' lang='grc'>3313133,</span> <span class='ocrx_word' id='word_1_38' title='bbox 370 773 532 836; x_wconf 85' lang='lat' dir='ltr'>maximum</span> <span class='ocrx_word' id='word_1_39' title='bbox 547 771 714 852; x_wconf 91' lang='lat' dir='ltr'>imperium,</span> <span class='ocrx_word' id='word_1_40' title='bbox 729 791 868 834; x_wconf 84' lang='lat' dir='ltr'>maxumo</span> <span class='ocrx_word' id='word_1_41' title='bbox 884 773 1018 836; x_wconf 79' lang='lat' dir='ltr'>dedecori</span> <span class='ocrx_word' id='word_1_42' title='bbox 1031 769 1109 834; x_wconf 82' lang='lat' dir='ltr'>fuit?</span> <span class='ocrx_word' id='word_1_43' title='bbox 1124 790 1162 834; x_wconf 89' lang='lat' dir='ltr'>au</span> <span class='ocrx_word' id='word_1_44' title='bbox 1176 771 1209 834; x_wconf 90' lang='lat' dir='ltr'>L.</span> <span class='ocrx_word' id='word_1_45' title='bbox 1225 773 1287 836; x_wconf 81' lang='lat' dir='ltr'>llo·</span> <span class='ocrx_word' id='word_1_46' title='bbox 1413 833 1414 850; x_wconf 59' lang='grc'>,</span> 
     </span>
     <span class='ocr_line' id='line_1_6' title="bbox 230 855 1414 938; baseline 0.002 -18"><span class='ocrx_word' id='word_1_47' title='bbox 230 859 295 920; x_wconf 91' lang='lat' dir='ltr'>miti</span> <span class='ocrx_word' id='word_1_48' title='bbox 309 876 413 938; x_wconf 86' lang='lat' dir='ltr'>magna</span> <span class='ocrx_word' id='word_1_49' title='bbox 428 857 470 920; x_wconf 89' lang='lat' dir='ltr'>vis</span> <span class='ocrx_word' id='word_1_50' title='bbox 485 865 544 930; x_wconf 90' lang='lat' dir='ltr'>est,</span> <span class='ocrx_word' id='word_1_51' title='bbox 565 856 670 937; x_wconf 91' lang='lat' dir='ltr'>quoius</span> <span class='ocrx_word' id='word_1_52' title='bbox 684 857 797 922; x_wconf 86' lang='lat' dir='ltr'>nullum</span> <span class='ocrx_word' id='word_1_53' title='bbox 813 857 982 919; x_wconf 82' lang='lat' dir='ltr'>membrum</span> <span class='ocrx_word' id='word_1_54' title='bbox 996 875 1013 918; x_wconf 88' lang='lat' dir='ltr'>a</span> <span class='ocrx_word' id='word_1_55' title='bbox 1027 856 1135 937; x_wconf 83' lang='lat' dir='ltr'>flagitio</span> <span class='ocrx_word' id='word_1_56' title='bbox 1149 858 1286 920; x_wconf 85' lang='grc'>3311331-</span> <span class='ocrx_word' id='word_1_57' title='bbox 1309 872 1325 922; x_wconf 79' lang='grc'>3</span> <span class='ocrx_word' id='word_1_58' title='bbox 1413 855 1414 934; x_wconf 55' lang='grc' dir='ltr'>ζ</span> 
     </span>
    </p>
   </div>
   <div class='ocr_carea' id='block_1_3' title="bbox 170 941 1342 2126">
    <p class='ocr_par' dir='ltr' id='par_1_4' title="bbox 230 941 1287 1022">
     <span class='ocr_line' id='line_1_7' title="bbox 230 941 1287 1022; baseline 0 -18"><span class='ocrx_word' id='word_1_59' title='bbox 230 961 301 1004; x_wconf 89' lang='lat' dir='ltr'>nore</span> <span class='ocrx_word' id='word_1_60' title='bbox 315 941 421 1004; x_wconf 81' lang='lat' dir='ltr'>vacat?</span> <span class='ocrx_word' id='word_1_61' title='bbox 431 943 528 1022; x_wconf 87' lang='lat' dir='ltr'>lingua</span> <span class='ocrx_word' id='word_1_62' title='bbox 542 961 615 1003; x_wconf 89' lang='lat' dir='ltr'>vana</span> <span class='ocrx_word' id='word_1_63' title='bbox 629 959 735 1003; x_wconf 88' lang='lat' dir='ltr'>manus</span> <span class='ocrx_word' id='word_1_64' title='bbox 749 948 887 1004; x_wconf 87' lang='lat' dir='ltr'>cruentae</span> <span class='ocrx_word' id='word_1_65' title='bbox 897 943 986 1022; x_wconf 90' lang='lat' dir='ltr'>pedes</span> <span class='ocrx_word' id='word_1_66' title='bbox 997 941 1128 1022; x_wconf 64' lang='lat' dir='ltr'>fugacem</span> <span class='ocrx_word' id='word_1_67' title='bbox 1143 961 1218 1022; x_wconf 87' lang='lat' dir='ltr'>quae</span> <span class='ocrx_word' id='word_1_68' title='bbox 1228 943 1287 1004; x_wconf 91' lang='lat' dir='ltr'>ho-</span> 
     </span>
    </p>

    <p class='ocr_par' dir='ltr' id='par_1_5' title="bbox 194 1025 1342 1447">
     <span class='ocr_line' id='line_1_8' title="bbox 194 1025 1287 1106; baseline -0.005 -12"><span class='ocrx_word' id='word_1_69' title='bbox 194 1044 209 1094; x_wconf 97' lang='grc'>3</span> <span class='ocrx_word' id='word_1_70' title='bbox 230 1036 314 1090; x_wconf 88' lang='lat' dir='ltr'>ueste</span> <span class='ocrx_word' id='word_1_71' title='bbox 327 1028 473 1089; x_wconf 90' lang='lat' dir='ltr'>nominari</span> <span class='ocrx_word' id='word_1_72' title='bbox 487 1033 639 1106; x_wconf 89' lang='lat' dir='ltr'>nequeunt</span> <span class='ocrx_word' id='word_1_73' title='bbox 652 1025 899 1102; x_wconf 75' lang='lat' dir='ltr'>inhonestissime</span> <span class='ocrx_word' id='word_1_74' title='bbox 929 1026 1017 1088; x_wconf 88' lang='lat' dir='ltr'>unius</span> <span class='ocrx_word' id='word_1_75' title='bbox 1031 1034 1131 1088; x_wconf 87' lang='lat' dir='ltr'>tamen</span> <span class='ocrx_word' id='word_1_76' title='bbox 1144 1027 1181 1088; x_wconf 88' lang='lat' dir='ltr'>M.</span> <span class='ocrx_word' id='word_1_77' title='bbox 1198 1027 1287 1088; x_wconf 88' lang='lat' dir='ltr'>Cato-</span> 
     </span>
     <span class='ocr_line' id='line_1_9' title="bbox 229 1110 1286 1193; baseline 0.001 -20"><span class='ocrx_word' id='word_1_78' title='bbox 229 1113 275 1173; x_wconf 88' lang='lat' dir='ltr'>nis</span> <span class='ocrx_word' id='word_1_79' title='bbox 289 1113 438 1193; x_wconf 83' lang='lat' dir='ltr'>ingenium</span> <span class='ocrx_word' id='word_1_80' title='bbox 452 1119 604 1173; x_wconf 89' lang='lat' dir='ltr'>versutum</span> <span class='ocrx_word' id='word_1_81' title='bbox 618 1111 724 1190; x_wconf 83' lang='lat' dir='ltr'>loquax</span> <span class='ocrx_word' id='word_1_82' title='bbox 739 1110 874 1172; x_wconf 88' lang='lat' dir='ltr'>callidum</span> <span class='ocrx_word' id='word_1_83' title='bbox 889 1111 968 1172; x_wconf 90' lang='lat' dir='ltr'>baud</span> <span class='ocrx_word' id='word_1_84' title='bbox 983 1118 1150 1173; x_wconf 82' lang='lat' dir='ltr'>contemno.</span> <span class='ocrx_word' id='word_1_85' title='bbox 1180 1129 1286 1192; x_wconf 88' lang='lat' dir='ltr'>paran-</span> 
     </span>
     <span class='ocr_line' id='line_1_10' title="bbox 229 1196 1287 1280; baseline 0 -22"><span class='ocrx_word' id='word_1_86' title='bbox 229 1205 280 1259; x_wconf 88' lang='lat' dir='ltr'>tur</span> <span class='ocrx_word' id='word_1_87' title='bbox 295 1197 367 1260; x_wconf 90' lang='lat' dir='ltr'>haec</span> <span class='ocrx_word' id='word_1_88' title='bbox 387 1197 538 1277; x_wconf 88' lang='lat' dir='ltr'>disciplina</span> <span class='ocrx_word' id='word_1_89' title='bbox 558 1196 746 1280; x_wconf 85' lang='lat' dir='ltr'>Graecorum.</span> <span class='ocrx_word' id='word_1_90' title='bbox 776 1197 828 1257; x_wconf 89' lang='lat' dir='ltr'>sed</span> <span class='ocrx_word' id='word_1_91' title='bbox 848 1197 939 1257; x_wconf 83' lang='lat' dir='ltr'>virtus</span> <span class='ocrx_word' id='word_1_92' title='bbox 955 1196 1099 1276; x_wconf 88' lang='lat' dir='ltr'>vigilantia</span> <span class='ocrx_word' id='word_1_93' title='bbox 1113 1197 1195 1258; x_wconf 89' lang='lat' dir='ltr'>labor</span> <span class='ocrx_word' id='word_1_94' title='bbox 1209 1197 1287 1276; x_wconf 93' lang='lat' dir='ltr'>apud</span> 
     </span>
     <span class='ocr_line' id='line_1_11' title="bbox 229 1279 1342 1361; baseline -0.001 -17"><span class='ocrx_word' id='word_1_95' title='bbox 229 1283 354 1344; x_wconf 83' lang='lat' dir='ltr'>Graecos</span> <span class='ocrx_word' id='word_1_96' title='bbox 374 1282 454 1344; x_wconf 91' lang='lat' dir='ltr'>nulla</span> <span class='ocrx_word' id='word_1_97' title='bbox 468 1287 546 1342; x_wconf 87' lang='lat' dir='ltr'>sunt.</span> <span class='ocrx_word' id='word_1_98' title='bbox 577 1279 684 1361; x_wconf 93' lang='lat' dir='ltr'>quippe</span> <span class='ocrx_word' id='word_1_99' title='bbox 700 1281 750 1360; x_wconf 93' lang='lat' dir='ltr'>qui</span> <span class='ocrx_word' id='word_1_100' title='bbox 766 1280 846 1342; x_wconf 93' lang='lat' dir='ltr'>domi</span> <span class='ocrx_word' id='word_1_101' title='bbox 860 1281 1027 1344; x_wconf 89' lang='lat' dir='ltr'>libertatem</span> <span class='ocrx_word' id='word_1_102' title='bbox 1041 1299 1126 1342; x_wconf 90' lang='lat' dir='ltr'>suam</span> <span class='ocrx_word' id='word_1_103' title='bbox 1139 1299 1193 1361; x_wconf 89' lang='lat' dir='ltr'>per</span> <span class='ocrx_word' id='word_1_104' title='bbox 1206 1281 1286 1343; x_wconf 88' lang='lat' dir='ltr'>iuer·</span> <span class='ocrx_word' id='word_1_105' title='bbox 1310 1299 1342 1350; x_wconf 84' lang='lat' dir='ltr'>lo</span> 
     </span>
     <span class='ocr_line' id='line_1_12' title="bbox 229 1363 1286 1447; baseline -0.002 -19"><span class='ocrx_word' id='word_1_106' title='bbox 229 1367 469 1438; x_wconf 87' lang='lat' dir='ltr'>tiamamiserint,</span> <span class='ocrx_word' id='word_1_107' title='bbox 478 1383 618 1428; x_wconf 90' lang='lat' dir='ltr'>censesne</span> <span class='ocrx_word' id='word_1_108' title='bbox 627 1363 1286 1447; x_wconf 82' lang='lat' dir='ltr'>eorumpraeceptisimperiumbaberiposse?</span> 
     </span>
    </p>

    <p class='ocr_par' dir='ltr' id='par_1_6' title="bbox 194 1450 1340 1872">
     <span class='ocr_line' id='line_1_13' title="bbox 194 1450 1286 1532; baseline -0.004 -16"><span class='ocrx_word' id='word_1_109' title='bbox 194 1467 211 1516; x_wconf 83' lang='lat'>4</span> <span class='ocrx_word' id='word_1_110' title='bbox 230 1452 334 1532; x_wconf 85' lang='lat' dir='ltr'>reliqui</span> <span class='ocrx_word' id='word_1_111' title='bbox 350 1451 385 1512; x_wconf 89' lang='lat' dir='ltr'>de</span> <span class='ocrx_word' id='word_1_112' title='bbox 399 1451 526 1513; x_wconf 85' lang='lat' dir='ltr'>faotione</span> <span class='ocrx_word' id='word_1_113' title='bbox 540 1457 610 1512; x_wconf 91' lang='lat' dir='ltr'>sunt</span> <span class='ocrx_word' id='word_1_114' title='bbox 621 1450 790 1512; x_wconf 84' lang='lat' dir='ltr'>inertissimi</span> <span class='ocrx_word' id='word_1_115' title='bbox 801 1450 928 1524; x_wconf 89' lang='lat' dir='ltr'>nobiles,</span> <span class='ocrx_word' id='word_1_116' title='bbox 944 1452 975 1512; x_wconf 94' lang='lat' dir='ltr'>in</span> <span class='ocrx_word' id='word_1_117' title='bbox 990 1450 1096 1531; x_wconf 89' lang='lat' dir='ltr'>quibus</span> <span class='ocrx_word' id='word_1_118' title='bbox 1111 1451 1187 1512; x_wconf 91' lang='lat' dir='ltr'>siout</span> <span class='ocrx_word' id='word_1_119' title='bbox 1201 1450 1286 1512; x_wconf 84' lang='lat' dir='ltr'>iusti-</span> 
     </span>
     <span class='ocr_line' id='line_1_14' title="bbox 229 1534 1288 1616; baseline 0 -20"><span class='ocrx_word' id='word_1_120' title='bbox 229 1543 294 1597; x_wconf 89' lang='lat' dir='ltr'>tuto</span> <span class='ocrx_word' id='word_1_121' title='bbox 315 1542 431 1616; x_wconf 90' lang='lat' dir='ltr'>praeter</span> <span class='ocrx_word' id='word_1_122' title='bbox 450 1536 563 1596; x_wconf 91' lang='lat' dir='ltr'>bonum</span> <span class='ocrx_word' id='word_1_123' title='bbox 583 1552 694 1596; x_wconf 91' lang='lat' dir='ltr'>nomen</span> <span class='ocrx_word' id='word_1_124' title='bbox 713 1534 785 1596; x_wconf 91' lang='lat' dir='ltr'>nibil</span> <span class='ocrx_word' id='word_1_125' title='bbox 805 1541 850 1596; x_wconf 90' lang='lat' dir='ltr'>est</span> <span class='ocrx_word' id='word_1_126' title='bbox 865 1534 1063 1597; x_wconf 86' lang='lat' dir='ltr'>additamenti.</span> <span class='ocrx_word' id='word_1_127' title='bbox 1094 1535 1126 1596; x_wconf 87' lang='lat'>1.</span> <span class='ocrx_word' id='word_1_128' title='bbox 1142 1535 1288 1597; x_wconf 90' lang='lat' dir='ltr'>Postumii</span> 
     </span>
     <span class='ocr_line' id='line_1_15' title="bbox 229 1620 1287 1702; baseline 0 -20"><span class='ocrx_word' id='word_1_129' title='bbox 229 1620 267 1682; x_wconf 92' lang='lat' dir='ltr'>M.</span> <span class='ocrx_word' id='word_1_130' title='bbox 278 1620 397 1682; x_wconf 88' lang='lat' dir='ltr'>Favonii</span> <span class='ocrx_word' id='word_1_131' title='bbox 408 1621 480 1684; x_wconf 89' lang='lat' dir='ltr'>mihi</span> <span class='ocrx_word' id='word_1_132' title='bbox 490 1620 626 1681; x_wconf 86' lang='lat' dir='ltr'>videntur</span> <span class='ocrx_word' id='word_1_133' title='bbox 638 1620 722 1700; x_wconf 88' lang='lat' dir='ltr'>quasi</span> <span class='ocrx_word' id='word_1_134' title='bbox 733 1637 854 1702; x_wconf 89' lang='lat' dir='ltr'>magnac</span> <span class='ocrx_word' id='word_1_135' title='bbox 865 1621 945 1682; x_wconf 83' lang='lat' dir='ltr'>navis</span> <span class='ocrx_word' id='word_1_136' title='bbox 953 1637 1187 1700; x_wconf 84' lang='lat' dir='ltr'>supervacuanea</span> <span class='ocrx_word' id='word_1_137' title='bbox 1198 1637 1287 1682; x_wconf 89' lang='lat' dir='ltr'>onera</span> 
     </span>
     <span class='ocr_line' id='line_1_16' title="bbox 229 1705 1340 1786; baseline 0.001 -19"><span class='ocrx_word' id='word_1_138' title='bbox 229 1725 309 1768; x_wconf 90' lang='lat' dir='ltr'>esse:</span> <span class='ocrx_word' id='word_1_139' title='bbox 326 1706 376 1768; x_wconf 91' lang='lat' dir='ltr'>ubi</span> <span class='ocrx_word' id='word_1_140' title='bbox 391 1706 461 1767; x_wconf 88' lang='lat' dir='ltr'>salvi</span> <span class='ocrx_word' id='word_1_141' title='bbox 475 1723 643 1786; x_wconf 87' lang='lat' dir='ltr'>pervenere,</span> <span class='ocrx_word' id='word_1_142' title='bbox 658 1706 725 1767; x_wconf 89' lang='lat' dir='ltr'>usui</span> <span class='ocrx_word' id='word_1_143' title='bbox 740 1712 826 1780; x_wconf 81' lang='lat' dir='ltr'>sunt3</span> <span class='ocrx_word' id='word_1_144' title='bbox 840 1705 937 1786; x_wconf 86' lang='lat' dir='ltr'>siquid</span> <span class='ocrx_word' id='word_1_145' title='bbox 952 1705 1065 1766; x_wconf 88' lang='lat' dir='ltr'>adversi</span> <span class='ocrx_word' id='word_1_146' title='bbox 1079 1712 1214 1768; x_wconf 90' lang='lat' dir='ltr'>coortum</span> <span class='ocrx_word' id='word_1_147' title='bbox 1229 1713 1286 1780; x_wconf 86' lang='lat' dir='ltr'>est,</span> <span class='ocrx_word' id='word_1_148' title='bbox 1310 1723 1340 1774; x_wconf 86' lang='lat'>15</span> 
     </span>
     <span class='ocr_line' id='line_1_17' title="bbox 231 1789 1139 1872; baseline 0 -20"><span class='ocrx_word' id='word_1_149' title='bbox 231 1791 267 1853; x_wconf 88' lang='lat' dir='ltr'>de</span> <span class='ocrx_word' id='word_1_150' title='bbox 282 1791 354 1853; x_wconf 90' lang='lat' dir='ltr'>illeis</span> <span class='ocrx_word' id='word_1_151' title='bbox 368 1791 557 1872; x_wconf 88' lang='lat' dir='ltr'>potissimum</span> <span class='ocrx_word' id='word_1_152' title='bbox 568 1791 678 1853; x_wconf 89' lang='lat' dir='ltr'>iactura</span> <span class='ocrx_word' id='word_1_153' title='bbox 693 1791 735 1864; x_wconf 85' lang='lat' dir='ltr'>fit,</span> <span class='ocrx_word' id='word_1_154' title='bbox 748 1790 816 1871; x_wconf 91' lang='lat' dir='ltr'>quia</span> <span class='ocrx_word' id='word_1_155' title='bbox 830 1790 917 1871; x_wconf 91' lang='lat' dir='ltr'>pretii</span> <span class='ocrx_word' id='word_1_156' title='bbox 931 1789 1046 1852; x_wconf 89' lang='lat' dir='ltr'>minimi</span> <span class='ocrx_word' id='word_1_157' title='bbox 1060 1798 1139 1854; x_wconf 85' lang='lat' dir='ltr'>suut.</span> 
     </span>
    </p>

    <p class='ocr_par' dir='ltr' id='par_1_7' title="bbox 170 1874 1287 2040">
     <span class='ocr_line' id='line_1_18' title="bbox 170 1874 1286 1956; baseline -0.004 -15"><span class='ocrx_word' id='word_1_158' title='bbox 170 1881 210 1941; x_wconf 88' lang='lat'>10</span> <span class='ocrx_word' id='word_1_159' title='bbox 315 1875 399 1937; x_wconf 89' lang='lat' dir='ltr'>Nunc</span> <span class='ocrx_word' id='word_1_160' title='bbox 414 1875 564 1956; x_wconf 88' lang='lat' dir='ltr'>quoniam,</span> <span class='ocrx_word' id='word_1_161' title='bbox 581 1875 655 1937; x_wconf 87' lang='lat' dir='ltr'>sicut</span> <span class='ocrx_word' id='word_1_162' title='bbox 670 1876 744 1936; x_wconf 89' lang='lat' dir='ltr'>mibi</span> <span class='ocrx_word' id='word_1_163' title='bbox 759 1876 866 1948; x_wconf 88' lang='lat' dir='ltr'>videor,</span> <span class='ocrx_word' id='word_1_164' title='bbox 883 1876 919 1938; x_wconf 90' lang='lat' dir='ltr'>de</span> <span class='ocrx_word' id='word_1_165' title='bbox 934 1875 1019 1956; x_wconf 84' lang='lat' dir='ltr'>plebe</span> <span class='ocrx_word' id='word_1_166' title='bbox 1033 1874 1199 1938; x_wconf 89' lang='lat' dir='ltr'>renovanda</span> <span class='ocrx_word' id='word_1_167' title='bbox 1214 1893 1286 1938; x_wconf 89' lang='lat' dir='ltr'>con-</span> 
     </span>
     <span class='ocr_line' id='line_1_19' title="bbox 230 1959 1287 2040; baseline 0.002 -20"><span class='ocrx_word' id='word_1_168' title='bbox 230 1959 405 2040; x_wconf 86' lang='lat' dir='ltr'>rigendaque</span> <span class='ocrx_word' id='word_1_169' title='bbox 426 1961 496 2022; x_wconf 91' lang='lat' dir='ltr'>satis</span> <span class='ocrx_word' id='word_1_170' title='bbox 517 1959 655 2034; x_wconf 87' lang='lat' dir='ltr'>disserui,</span> <span class='ocrx_word' id='word_1_171' title='bbox 677 1961 713 2020; x_wconf 91' lang='lat' dir='ltr'>de</span> <span class='ocrx_word' id='word_1_172' title='bbox 734 1967 839 2022; x_wconf 87' lang='lat' dir='ltr'>senatu</span> <span class='ocrx_word' id='word_1_173' title='bbox 860 1979 934 2040; x_wconf 92' lang='lat' dir='ltr'>quae</span> <span class='ocrx_word' id='word_1_174' title='bbox 949 1960 1003 2022; x_wconf 88' lang='lat' dir='ltr'>tibi</span> <span class='ocrx_word' id='word_1_175' title='bbox 1017 1961 1127 2039; x_wconf 89' lang='lat' dir='ltr'>agenda</span> <span class='ocrx_word' id='word_1_176' title='bbox 1141 1960 1287 2032; x_wconf 82' lang='lat' dir='ltr'>ridentur,</span> 
     </span>
    </p>

    <p class='ocr_par' dir='ltr' id='par_1_8' title="bbox 194 2044 1289 2126">
     <span class='ocr_line' id='line_1_20' title="bbox 194 2044 1289 2126; baseline 0.003 -22"><span class='ocrx_word' id='word_1_177' title='bbox 194 2054 208 2104; x_wconf 89' lang='grc'><strong>2</strong></span> <span class='ocrx_word' id='word_1_178' title='bbox 231 2046 334 2108; x_wconf 90' lang='lat' dir='ltr'>dicam.</span> <span class='ocrx_word' id='word_1_179' title='bbox 366 2053 525 2126; x_wconf 86' lang='lat' dir='ltr'>postquam</span> <span class='ocrx_word' id='word_1_180' title='bbox 539 2045 614 2106; x_wconf 88' lang='lat' dir='ltr'>mibi</span> <span class='ocrx_word' id='word_1_181' title='bbox 628 2053 707 2106; x_wconf 88' lang='lat' dir='ltr'>aetas</span> <span class='ocrx_word' id='word_1_182' title='bbox 722 2045 929 2125; x_wconf 84' lang='lat' dir='ltr'>ingeniumque</span> <span class='ocrx_word' id='word_1_183' title='bbox 943 2045 1080 2118; x_wconf 80' lang='lat' dir='ltr'>adolevit,</span> <span class='ocrx_word' id='word_1_184' title='bbox 1103 2044 1180 2106; x_wconf 90' lang='lat' dir='ltr'>haud</span> <span class='ocrx_word' id='word_1_185' title='bbox 1194 2046 1289 2107; x_wconf 83' lang='lat' dir='ltr'>ferme</span> 
     </span>
    </p>
   </div>
   <div class='ocr_carea' id='block_1_4' title="bbox 231 2101 1417 2210">
    <p class='ocr_par' dir='ltr' id='par_1_9' title="bbox 231 2101 1417 2210">
     <span class='ocr_line' id='line_1_21' title="bbox 231 2101 1417 2210; baseline 0.004 -18"><span class='ocrx_word' id='word_1_186' title='bbox 231 2131 320 2192; x_wconf 90' lang='lat' dir='ltr'>armis</span> <span class='ocrx_word' id='word_1_187' title='bbox 335 2137 423 2210; x_wconf 90' lang='lat' dir='ltr'>atque</span> <span class='ocrx_word' id='word_1_188' title='bbox 437 2129 521 2210; x_wconf 89' lang='lat' dir='ltr'>equis</span> <span class='ocrx_word' id='word_1_189' title='bbox 536 2129 644 2210; x_wconf 88' lang='lat' dir='ltr'>corpus</span> <span class='ocrx_word' id='word_1_190' title='bbox 658 2129 786 2203; x_wconf 80' lang='lat' dir='ltr'>exercui,</span> <span class='ocrx_word' id='word_1_191' title='bbox 802 2130 853 2192; x_wconf 90' lang='lat' dir='ltr'>sed</span> <span class='ocrx_word' id='word_1_192' title='bbox 865 2130 996 2191; x_wconf 90' lang='lat' dir='ltr'>animum</span> <span class='ocrx_word' id='word_1_193' title='bbox 1009 2131 1039 2192; x_wconf 91' lang='lat' dir='ltr'>in</span> <span class='ocrx_word' id='word_1_194' title='bbox 1053 2130 1157 2192; x_wconf 86' lang='lat' dir='ltr'>litteris</span> <span class='ocrx_word' id='word_1_195' title='bbox 1168 2129 1286 2209; x_wconf 86' lang='lat' dir='ltr'>agitari:</span> <span class='ocrx_word' id='word_1_196' title='bbox 1310 2146 1342 2196; x_wconf 84' lang='lat' dir='ltr'>ao</span> <span class='ocrx_word' id='word_1_197' title='bbox 1416 2101 1417 2132; x_wconf 22' lang='grc' dir='ltr'><strong>ἦ</strong></span> 
     </span>
    </p>
   </div>
   <div class='ocr_carea' id='block_1_5' title="bbox 194 2213 1343 3734">
    <p class='ocr_par' dir='ltr' id='par_1_10' title="bbox 194 2213 1340 2635">
     <span class='ocr_line' id='line_1_22' title="bbox 194 2213 1288 2296; baseline 0.003 -21"><span class='ocrx_word' id='word_1_198' title='bbox 194 2224 209 2274; x_wconf 90' lang='grc'>3</span> <span class='ocrx_word' id='word_1_199' title='bbox 231 2215 312 2296; x_wconf 90' lang='lat' dir='ltr'>quod</span> <span class='ocrx_word' id='word_1_200' title='bbox 326 2223 430 2276; x_wconf 85' lang='lat' dir='ltr'>natura</span> <span class='ocrx_word' id='word_1_201' title='bbox 444 2215 558 2276; x_wconf 88' lang='lat' dir='ltr'>firmius</span> <span class='ocrx_word' id='word_1_202' title='bbox 573 2221 644 2286; x_wconf 89' lang='lat' dir='ltr'>erat,</span> <span class='ocrx_word' id='word_1_203' title='bbox 659 2213 689 2274; x_wconf 93' lang='lat' dir='ltr'>id</span> <span class='ocrx_word' id='word_1_204' title='bbox 705 2213 737 2274; x_wconf 93' lang='lat' dir='ltr'>in</span> <span class='ocrx_word' id='word_1_205' title='bbox 751 2213 899 2275; x_wconf 87' lang='lat' dir='ltr'>laboribus</span> <span class='ocrx_word' id='word_1_206' title='bbox 913 2214 1011 2276; x_wconf 90' lang='lat' dir='ltr'>habui.</span> <span class='ocrx_word' id='word_1_207' title='bbox 1038 2221 1125 2296; x_wconf 89' lang='lat' dir='ltr'>atque</span> <span class='ocrx_word' id='word_1_208' title='bbox 1140 2233 1193 2295; x_wconf 91' lang='lat' dir='ltr'>ego</span> <span class='ocrx_word' id='word_1_209' title='bbox 1208 2213 1240 2276; x_wconf 88' lang='lat' dir='ltr'>in</span> <span class='ocrx_word' id='word_1_210' title='bbox 1254 2233 1288 2278; x_wconf 88' lang='lat' dir='ltr'>ea</span> 
     </span>
     <span class='ocr_line' id='line_1_23' title="bbox 230 2297 1286 2382; baseline 0.004 -23"><span class='ocrx_word' id='word_1_211' title='bbox 230 2299 289 2360; x_wconf 88' lang='lat' dir='ltr'>vita</span> <span class='ocrx_word' id='word_1_212' title='bbox 300 2299 391 2360; x_wconf 85' lang='lat' dir='ltr'>multa</span> <span class='ocrx_word' id='word_1_213' title='bbox 402 2299 524 2379; x_wconf 88' lang='lat' dir='ltr'>legendo</span> <span class='ocrx_word' id='word_1_214' title='bbox 536 2305 623 2378; x_wconf 89' lang='lat' dir='ltr'>atque</span> <span class='ocrx_word' id='word_1_215' title='bbox 635 2297 780 2360; x_wconf 88' lang='lat' dir='ltr'>audiendo</span> <span class='ocrx_word' id='word_1_216' title='bbox 792 2298 832 2360; x_wconf 92' lang='lat' dir='ltr'>ita</span> <span class='ocrx_word' id='word_1_217' title='bbox 844 2299 983 2378; x_wconf 88' lang='lat' dir='ltr'>comperi,</span> <span class='ocrx_word' id='word_1_218' title='bbox 996 2299 1095 2361; x_wconf 88' lang='lat' dir='ltr'>omnia</span> <span class='ocrx_word' id='word_1_219' title='bbox 1105 2316 1202 2382; x_wconf 89' lang='lat' dir='ltr'>regua,</span> <span class='ocrx_word' id='word_1_220' title='bbox 1215 2299 1286 2363; x_wconf 89' lang='lat' dir='ltr'>item</span> 
     </span>
     <span class='ocr_line' id='line_1_24' title="bbox 231 2382 1287 2464; baseline 0.003 -20"><span class='ocrx_word' id='word_1_221' title='bbox 231 2383 359 2446; x_wconf 83' lang='lat' dir='ltr'>civitates</span> <span class='ocrx_word' id='word_1_222' title='bbox 371 2390 400 2444; x_wconf 91' lang='lat' dir='ltr'>et</span> <span class='ocrx_word' id='word_1_223' title='bbox 411 2383 544 2444; x_wconf 88' lang='lat' dir='ltr'>nationes</span> <span class='ocrx_word' id='word_1_224' title='bbox 555 2401 650 2462; x_wconf 88' lang='lat' dir='ltr'>usque</span> <span class='ocrx_word' id='word_1_225' title='bbox 662 2402 697 2443; x_wconf 93' lang='lat' dir='ltr'>eo</span> <span class='ocrx_word' id='word_1_226' title='bbox 708 2401 884 2463; x_wconf 90' lang='lat' dir='ltr'>prosperum</span> <span class='ocrx_word' id='word_1_227' title='bbox 891 2382 1049 2464; x_wconf 90' lang='lat' dir='ltr'>imperium</span> <span class='ocrx_word' id='word_1_228' title='bbox 1056 2383 1202 2459; x_wconf 91' lang='lat' dir='ltr'>habuisse,</span> <span class='ocrx_word' id='word_1_229' title='bbox 1216 2385 1287 2448; x_wconf 89' lang='lat' dir='ltr'>dum</span> 
     </span>
     <span class='ocr_line' id='line_1_25' title="bbox 229 2466 1288 2550; baseline 0.002 -22"><span class='ocrx_word' id='word_1_230' title='bbox 229 2467 306 2548; x_wconf 89' lang='lat' dir='ltr'>apud</span> <span class='ocrx_word' id='word_1_231' title='bbox 322 2486 372 2530; x_wconf 90' lang='lat' dir='ltr'>eos</span> <span class='ocrx_word' id='word_1_232' title='bbox 387 2486 453 2529; x_wconf 87' lang='lat' dir='ltr'>vera</span> <span class='ocrx_word' id='word_1_233' title='bbox 468 2466 588 2528; x_wconf 90' lang='lat' dir='ltr'>consilia</span> <span class='ocrx_word' id='word_1_234' title='bbox 602 2467 769 2528; x_wconf 80' lang='lat' dir='ltr'>valuerrmt:</span> <span class='ocrx_word' id='word_1_235' title='bbox 785 2467 964 2548; x_wconf 91' lang='lat' dir='ltr'>ubicumque</span> <span class='ocrx_word' id='word_1_236' title='bbox 977 2467 1069 2549; x_wconf 88' lang='lat' dir='ltr'>gratia</span> <span class='ocrx_word' id='word_1_237' title='bbox 1082 2469 1173 2530; x_wconf 92' lang='lat' dir='ltr'>timor</span> <span class='ocrx_word' id='word_1_238' title='bbox 1184 2470 1288 2550; x_wconf 86' lang='lat' dir='ltr'>volup-</span> 
     </span>
     <span class='ocr_line' id='line_1_26' title="bbox 230 2551 1340 2635; baseline 0.005 -23"><span class='ocrx_word' id='word_1_239' title='bbox 230 2560 274 2613; x_wconf 83' lang='lat' dir='ltr'>tas</span> <span class='ocrx_word' id='word_1_240' title='bbox 290 2571 322 2613; x_wconf 88' lang='lat' dir='ltr'>ea</span> <span class='ocrx_word' id='word_1_241' title='bbox 337 2570 508 2634; x_wconf 76' lang='lat' dir='ltr'>corrupere,</span> <span class='ocrx_word' id='word_1_242' title='bbox 528 2558 598 2632; x_wconf 92' lang='lat' dir='ltr'>post</span> <span class='ocrx_word' id='word_1_243' title='bbox 612 2552 699 2632; x_wconf 91' lang='lat' dir='ltr'>paulo</span> <span class='ocrx_word' id='word_1_244' title='bbox 714 2551 877 2613; x_wconf 87' lang='lat' dir='ltr'>inminutae</span> <span class='ocrx_word' id='word_1_245' title='bbox 892 2571 979 2632; x_wconf 85' lang='lat' dir='ltr'>opes,</span> <span class='ocrx_word' id='word_1_246' title='bbox 995 2554 1100 2616; x_wconf 88' lang='lat' dir='ltr'>deinde</span> <span class='ocrx_word' id='word_1_247' title='bbox 1114 2553 1286 2635; x_wconf 89' lang='lat' dir='ltr'>ademptum</span> <span class='ocrx_word' id='word_1_248' title='bbox 1307 2569 1340 2618; x_wconf 79' lang='lat'>25</span> 
     </span>
    </p>

    <p class='ocr_par' dir='ltr' id='par_1_11' title="bbox 194 2635 1287 2886">
     <span class='ocr_line' id='line_1_27' title="bbox 194 2635 1287 2720; baseline 0.003 -22"><span class='ocrx_word' id='word_1_249' title='bbox 194 2648 209 2697; x_wconf 81' lang='grc'>1</span> <span class='ocrx_word' id='word_1_250' title='bbox 230 2637 395 2718; x_wconf 89' lang='lat' dir='ltr'>imperium,</span> <span class='ocrx_word' id='word_1_251' title='bbox 407 2643 558 2716; x_wconf 86' lang='lat' dir='ltr'>postremo</span> <span class='ocrx_word' id='word_1_252' title='bbox 573 2637 697 2698; x_wconf 89' lang='lat' dir='ltr'>servitus</span> <span class='ocrx_word' id='word_1_253' title='bbox 711 2635 849 2718; x_wconf 90' lang='lat' dir='ltr'>imposita</span> <span class='ocrx_word' id='word_1_254' title='bbox 864 2643 917 2697; x_wconf 90' lang='lat' dir='ltr'>est.</span> <span class='ocrx_word' id='word_1_255' title='bbox 945 2637 1081 2718; x_wconf 88' lang='lat' dir='ltr'>equidem</span> <span class='ocrx_word' id='word_1_256' title='bbox 1092 2657 1145 2718; x_wconf 86' lang='lat' dir='ltr'>ego</span> <span class='ocrx_word' id='word_1_257' title='bbox 1156 2639 1199 2700; x_wconf 92' lang='lat' dir='ltr'>sic</span> <span class='ocrx_word' id='word_1_258' title='bbox 1209 2639 1287 2720; x_wconf 88' lang='lat' dir='ltr'>apud</span> 
     </span>
     <span class='ocr_line' id='line_1_28' title="bbox 231 2720 1287 2804; baseline 0.003 -21"><span class='ocrx_word' id='word_1_259' title='bbox 231 2723 363 2784; x_wconf 88' lang='lat' dir='ltr'>animum</span> <span class='ocrx_word' id='word_1_260' title='bbox 377 2740 478 2784; x_wconf 88' lang='lat' dir='ltr'>meum</span> <span class='ocrx_word' id='word_1_261' title='bbox 493 2727 604 2804; x_wconf 86' lang='lat' dir='ltr'>statuo:</span> <span class='ocrx_word' id='word_1_262' title='bbox 624 2721 799 2801; x_wconf 90' lang='lat' dir='ltr'>cuicumque</span> <span class='ocrx_word' id='word_1_263' title='bbox 813 2720 844 2781; x_wconf 93' lang='lat' dir='ltr'>in</span> <span class='ocrx_word' id='word_1_264' title='bbox 859 2739 912 2782; x_wconf 86' lang='lat' dir='ltr'>sua</span> <span class='ocrx_word' id='word_1_265' title='bbox 927 2721 1040 2784; x_wconf 84' lang='lat' dir='ltr'>civitate</span> <span class='ocrx_word' id='word_1_266' title='bbox 1055 2723 1179 2804; x_wconf 87' lang='lat' dir='ltr'>amplior</span> <span class='ocrx_word' id='word_1_267' title='bbox 1193 2723 1287 2786; x_wconf 87' lang='lat' dir='ltr'>inlus·</span> 
     </span>
     <span class='ocr_line' id='line_1_29' title="bbox 230 2805 1286 2886; baseline 0.002 -18"><span class='ocrx_word' id='word_1_268' title='bbox 230 2806 361 2886; x_wconf 88' lang='lat' dir='ltr'>triorque</span> <span class='ocrx_word' id='word_1_269' title='bbox 377 2805 458 2868; x_wconf 91' lang='lat' dir='ltr'>locus</span> <span class='ocrx_word' id='word_1_270' title='bbox 471 2824 560 2886; x_wconf 92' lang='lat' dir='ltr'>quam</span> <span class='ocrx_word' id='word_1_271' title='bbox 572 2805 633 2868; x_wconf 91' lang='lat' dir='ltr'>aliis</span> <span class='ocrx_word' id='word_1_272' title='bbox 645 2813 699 2878; x_wconf 89' lang='lat' dir='ltr'>est,</span> <span class='ocrx_word' id='word_1_273' title='bbox 715 2807 743 2868; x_wconf 86' lang='lat' dir='ltr'>ei</span> <span class='ocrx_word' id='word_1_274' title='bbox 754 2822 892 2883; x_wconf 87' lang='lat' dir='ltr'>magnam</span> <span class='ocrx_word' id='word_1_275' title='bbox 903 2823 1004 2868; x_wconf 86' lang='lat' dir='ltr'>curam</span> <span class='ocrx_word' id='word_1_276' title='bbox 1015 2825 1079 2868; x_wconf 87' lang='grc'>3333</span> <span class='ocrx_word' id='word_1_277' title='bbox 1090 2807 1286 2886; x_wconf 89' lang='lat' dir='ltr'>reipublicae.</span> 
     </span>
    </p>

    <p class='ocr_par' dir='ltr' id='par_1_12' title="bbox 194 2889 1343 3395">
     <span class='ocr_line' id='line_1_30' title="bbox 194 2889 1288 2972; baseline 0.002 -20"><span class='ocrx_word' id='word_1_278' title='bbox 194 2903 209 2952; x_wconf 80' lang='lat'>5</span> <span class='ocrx_word' id='word_1_279' title='bbox 233 2909 302 2952; x_wconf 90' lang='lat' dir='ltr'>nam</span> <span class='ocrx_word' id='word_1_280' title='bbox 321 2891 424 2954; x_wconf 85' lang='lat' dir='ltr'>ceteris</span> <span class='ocrx_word' id='word_1_281' title='bbox 446 2891 523 2952; x_wconf 84' lang='lat' dir='ltr'>salva</span> <span class='ocrx_word' id='word_1_282' title='bbox 543 2889 616 2952; x_wconf 92' lang='lat' dir='ltr'>urbe</span> <span class='ocrx_word' id='word_1_283' title='bbox 633 2898 751 2952; x_wconf 89' lang='lat' dir='ltr'>tantum</span> <span class='ocrx_word' id='word_1_284' title='bbox 771 2890 860 2952; x_wconf 92' lang='lat' dir='ltr'>modo</span> <span class='ocrx_word' id='word_1_285' title='bbox 881 2889 998 2952; x_wconf 90' lang='lat' dir='ltr'>libertas</span> <span class='ocrx_word' id='word_1_286' title='bbox 1012 2897 1076 2952; x_wconf 88' lang='lat' dir='ltr'>tuta</span> <span class='ocrx_word' id='word_1_287' title='bbox 1089 2897 1149 2952; x_wconf 87' lang='lat' dir='ltr'>est:</span> <span class='ocrx_word' id='word_1_288' title='bbox 1170 2891 1221 2972; x_wconf 92' lang='lat' dir='ltr'>qui</span> <span class='ocrx_word' id='word_1_289' title='bbox 1235 2911 1288 2972; x_wconf 87' lang='lat' dir='ltr'>per</span> 
     </span>
     <span class='ocr_line' id='line_1_31' title="bbox 229 2974 1343 3056; baseline 0.004 -20"><span class='ocrx_word' id='word_1_290' title='bbox 229 2975 367 3036; x_wconf 90' lang='lat' dir='ltr'>virtutem</span> <span class='ocrx_word' id='word_1_291' title='bbox 383 2975 439 3036; x_wconf 90' lang='lat' dir='ltr'>sibi</span> <span class='ocrx_word' id='word_1_292' title='bbox 453 2975 566 3036; x_wconf 88' lang='lat' dir='ltr'>divitias</span> <span class='ocrx_word' id='word_1_293' title='bbox 582 2975 671 3037; x_wconf 88' lang='lat' dir='ltr'>decus</span> <span class='ocrx_word' id='word_1_294' title='bbox 685 2977 829 3037; x_wconf 87' lang='lat' dir='ltr'>honorem</span> <span class='ocrx_word' id='word_1_295' title='bbox 845 2981 1030 3056; x_wconf 89' lang='lat' dir='ltr'>pepererunt,</span> <span class='ocrx_word' id='word_1_296' title='bbox 1044 2974 1096 3036; x_wconf 92' lang='lat' dir='ltr'>ubi</span> <span class='ocrx_word' id='word_1_297' title='bbox 1106 2975 1229 3056; x_wconf 89' lang='lat' dir='ltr'>paulum</span> <span class='ocrx_word' id='word_1_298' title='bbox 1240 2975 1287 3038; x_wconf 91' lang='lat' dir='ltr'>iu·</span> <span class='ocrx_word' id='word_1_299' title='bbox 1309 2992 1343 3042; x_wconf 86' lang='grc'>33</span> 
     </span>
     <span class='ocr_line' id='line_1_32' title="bbox 230 3059 1287 3142; baseline 0.003 -22"><span class='ocrx_word' id='word_1_300' title='bbox 230 3059 333 3121; x_wconf 86' lang='grc'>3113313</span> <span class='ocrx_word' id='word_1_301' title='bbox 346 3078 394 3121; x_wconf 83' lang='grc'>333</span> <span class='ocrx_word' id='word_1_302' title='bbox 409 3059 525 3142; x_wconf 88' lang='lat' dir='ltr'>publica</span> <span class='ocrx_word' id='word_1_303' title='bbox 539 3059 639 3138; x_wconf 88' lang='lat' dir='ltr'>agitari</span> <span class='ocrx_word' id='word_1_304' title='bbox 650 3061 754 3140; x_wconf 89' lang='lat' dir='ltr'>coepit,</span> <span class='ocrx_word' id='word_1_305' title='bbox 771 3059 970 3139; x_wconf 88' lang='lat' dir='ltr'>multipliciter</span> <span class='ocrx_word' id='word_1_306' title='bbox 981 3059 1096 3121; x_wconf 86' lang='lat' dir='ltr'>animus</span> <span class='ocrx_word' id='word_1_307' title='bbox 1108 3060 1186 3122; x_wconf 89' lang='lat' dir='ltr'>curis</span> <span class='ocrx_word' id='word_1_308' title='bbox 1198 3068 1287 3142; x_wconf 88' lang='lat' dir='ltr'>atque</span> 
     </span>
     <span class='ocr_line' id='line_1_33' title="bbox 230 3141 1287 3222; baseline 0.004 -18"><span class='ocrx_word' id='word_1_309' title='bbox 230 3143 378 3204; x_wconf 87' lang='lat' dir='ltr'>laboribus</span> <span class='ocrx_word' id='word_1_310' title='bbox 389 3141 539 3222; x_wconf 75' lang='lat' dir='ltr'>fatigatur:</span> <span class='ocrx_word' id='word_1_311' title='bbox 552 3150 602 3205; x_wconf 91' lang='lat' dir='ltr'>aut</span> <span class='ocrx_word' id='word_1_312' title='bbox 612 3145 734 3222; x_wconf 85' lang='lat' dir='ltr'>gloriam</span> <span class='ocrx_word' id='word_1_313' title='bbox 746 3151 797 3206; x_wconf 88' lang='lat' dir='ltr'>aut</span> <span class='ocrx_word' id='word_1_314' title='bbox 807 3143 970 3205; x_wconf 86' lang='lat' dir='ltr'>libertatem</span> <span class='ocrx_word' id='word_1_315' title='bbox 981 3150 1031 3206; x_wconf 87' lang='lat' dir='ltr'>aut</span> <span class='ocrx_word' id='word_1_316' title='bbox 1042 3162 1105 3205; x_wconf 89' lang='lat' dir='ltr'>rem</span> <span class='ocrx_word' id='word_1_317' title='bbox 1113 3144 1287 3208; x_wconf 88' lang='lat' dir='ltr'>familiarem</span> 
     </span>
     <span class='ocr_line' id='line_1_34' title="bbox 231 3223 1286 3310; baseline 0.005 -23"><span class='ocrx_word' id='word_1_318' title='bbox 231 3227 377 3300; x_wconf 85' lang='lat' dir='ltr'>defensat,</span> <span class='ocrx_word' id='word_1_319' title='bbox 395 3227 533 3289; x_wconf 91' lang='lat' dir='ltr'>omuibus</span> <span class='ocrx_word' id='word_1_320' title='bbox 548 3228 618 3290; x_wconf 88' lang='lat' dir='ltr'>locis</span> <span class='ocrx_word' id='word_1_321' title='bbox 634 3227 716 3289; x_wconf 91' lang='lat' dir='ltr'>adest</span> <span class='ocrx_word' id='word_1_322' title='bbox 730 3223 863 3301; x_wconf 73' lang='lat' dir='ltr'>festinat,</span> <span class='ocrx_word' id='word_1_323' title='bbox 875 3235 985 3310; x_wconf 90' lang='lat' dir='ltr'>quanto</span> <span class='ocrx_word' id='word_1_324' title='bbox 1000 3227 1031 3288; x_wconf 93' lang='lat' dir='ltr'>iu</span> <span class='ocrx_word' id='word_1_325' title='bbox 1047 3229 1182 3290; x_wconf 89' lang='lat' dir='ltr'>secundis</span> <span class='ocrx_word' id='word_1_326' title='bbox 1197 3231 1286 3292; x_wconf 90' lang='lat' dir='ltr'>rebus</span> 
     </span>
     <span class='ocr_line' id='line_1_35' title="bbox 231 3312 1284 3395; baseline 0.001 -21"><span class='ocrx_word' id='word_1_327' title='bbox 231 3313 382 3376; x_wconf 84' lang='lat' dir='ltr'>florentior</span> <span class='ocrx_word' id='word_1_328' title='bbox 402 3312 472 3386; x_wconf 85' lang='lat' dir='ltr'>fuit,</span> <span class='ocrx_word' id='word_1_329' title='bbox 494 3319 577 3374; x_wconf 86' lang='lat' dir='ltr'>tauto</span> <span class='ocrx_word' id='word_1_330' title='bbox 592 3312 622 3374; x_wconf 92' lang='lat' dir='ltr'>in</span> <span class='ocrx_word' id='word_1_331' title='bbox 637 3313 765 3374; x_wconf 89' lang='lat' dir='ltr'>adversis</span> <span class='ocrx_word' id='word_1_332' title='bbox 780 3313 911 3394; x_wconf 91' lang='lat' dir='ltr'>asperius</span> <span class='ocrx_word' id='word_1_333' title='bbox 925 3313 1078 3394; x_wconf 83' lang='lat' dir='ltr'>magisque</span> <span class='ocrx_word' id='word_1_334' title='bbox 1089 3314 1175 3375; x_wconf 83' lang='lat' dir='ltr'>auxie</span> <span class='ocrx_word' id='word_1_335' title='bbox 1189 3315 1284 3395; x_wconf 83' lang='lat' dir='ltr'>agitat.</span> 
     </span>
    </p>

    <p class='ocr_par' dir='ltr' id='par_1_13' title="bbox 195 3397 1342 3564">
     <span class='ocr_line' id='line_1_36' title="bbox 195 3397 1342 3479; baseline 0.003 -21"><span class='ocrx_word' id='word_1_336' title='bbox 195 3417 210 3466; x_wconf 82' lang='grc'>3</span> <span class='ocrx_word' id='word_1_337' title='bbox 231 3399 320 3477; x_wconf 91' lang='lat' dir='ltr'>igitur</span> <span class='ocrx_word' id='word_1_338' title='bbox 333 3397 384 3459; x_wconf 92' lang='lat' dir='ltr'>ubi</span> <span class='ocrx_word' id='word_1_339' title='bbox 398 3397 480 3478; x_wconf 89' lang='lat' dir='ltr'>plebs</span> <span class='ocrx_word' id='word_1_340' title='bbox 490 3397 609 3461; x_wconf 80' lang='lat' dir='ltr'>‚senatui</span> <span class='ocrx_word' id='word_1_341' title='bbox 623 3398 709 3460; x_wconf 87' lang='lat' dir='ltr'>sicuti</span> <span class='ocrx_word' id='word_1_342' title='bbox 724 3417 831 3479; x_wconf 87' lang='lat' dir='ltr'>corpus</span> <span class='ocrx_word' id='word_1_343' title='bbox 842 3399 941 3460; x_wconf 91' lang='lat' dir='ltr'>animo</span> <span class='ocrx_word' id='word_1_344' title='bbox 954 3398 1072 3460; x_wconf 87' lang='lat' dir='ltr'>oboedit</span> <span class='ocrx_word' id='word_1_345' title='bbox 1083 3399 1202 3478; x_wconf 89' lang='lat' dir='ltr'>eiusque</span> <span class='ocrx_word' id='word_1_346' title='bbox 1214 3415 1285 3461; x_wconf 89' lang='lat' dir='ltr'>oon·</span> <span class='ocrx_word' id='word_1_347' title='bbox 1307 3417 1342 3468; x_wconf 77' lang='lat'>35</span> 
     </span>
     <span class='ocr_line' id='line_1_37' title="bbox 231 3483 1287 3564; baseline 0.002 -20"><span class='ocrx_word' id='word_1_348' title='bbox 231 3485 307 3546; x_wconf 88' lang='lat' dir='ltr'>sulta</span> <span class='ocrx_word' id='word_1_349' title='bbox 321 3483 498 3563; x_wconf 85' lang='lat' dir='ltr'>exsequitur,</span> <span class='ocrx_word' id='word_1_350' title='bbox 515 3489 612 3563; x_wconf 88' lang='lat' dir='ltr'>patres</span> <span class='ocrx_word' id='word_1_351' title='bbox 628 3483 748 3546; x_wconf 90' lang='lat' dir='ltr'>consilio</span> <span class='ocrx_word' id='word_1_352' title='bbox 764 3484 858 3544; x_wconf 85' lang='lat' dir='ltr'>valere</span> <span class='ocrx_word' id='word_1_353' title='bbox 869 3483 960 3557; x_wconf 91' lang='lat' dir='ltr'>decet,</span> <span class='ocrx_word' id='word_1_354' title='bbox 972 3484 1081 3564; x_wconf 94' lang='lat' dir='ltr'>populo</span> <span class='ocrx_word' id='word_1_355' title='bbox 1093 3501 1287 3564; x_wconf 89' lang='lat' dir='ltr'>supervacua-</span> 
     </span>
    </p>

    <p class='ocr_par' dir='ltr' id='par_1_14' title="bbox 194 3566 1287 3734">
     <span class='ocr_line' id='line_1_38' title="bbox 194 3566 1286 3649; baseline 0 -17"><span class='ocrx_word' id='word_1_356' title='bbox 194 3587 208 3634; x_wconf 83' lang='lat'><strong>7</strong></span> <span class='ocrx_word' id='word_1_357' title='bbox 230 3585 285 3629; x_wconf 88' lang='lat' dir='ltr'>nea</span> <span class='ocrx_word' id='word_1_358' title='bbox 300 3575 345 3628; x_wconf 91' lang='lat' dir='ltr'>est</span> <span class='ocrx_word' id='word_1_359' title='bbox 359 3566 507 3629; x_wconf 89' lang='lat' dir='ltr'>calliditas.</span> <span class='ocrx_word' id='word_1_360' title='bbox 538 3567 634 3647; x_wconf 89' lang='lat' dir='ltr'>itaque</span> <span class='ocrx_word' id='word_1_361' title='bbox 649 3569 776 3630; x_wconf 89' lang='lat' dir='ltr'>maiores</span> <span class='ocrx_word' id='word_1_362' title='bbox 791 3567 901 3640; x_wconf 91' lang='lat' dir='ltr'>nostri,</span> <span class='ocrx_word' id='word_1_363' title='bbox 924 3586 991 3630; x_wconf 93' lang='lat' dir='ltr'>cum</span> <span class='ocrx_word' id='word_1_364' title='bbox 1007 3568 1090 3630; x_wconf 90' lang='lat' dir='ltr'>bellis</span> <span class='ocrx_word' id='word_1_365' title='bbox 1106 3569 1286 3649; x_wconf 83' lang='lat' dir='ltr'>asperrumis</span> 
     </span>
     <span class='ocr_line' id='line_1_39' title="bbox 230 3651 1287 3734; baseline 0.002 -21"><span class='ocrx_word' id='word_1_366' title='bbox 230 3659 449 3732; x_wconf 89' lang='lat' dir='ltr'>premerentur,</span> <span class='ocrx_word' id='word_1_367' title='bbox 465 3651 548 3732; x_wconf 88' lang='lat' dir='ltr'>equis</span> <span class='ocrx_word' id='word_1_368' title='bbox 563 3651 631 3714; x_wconf 85' lang='lat' dir='ltr'>viris</span> <span class='ocrx_word' id='word_1_369' title='bbox 645 3651 768 3734; x_wconf 90' lang='lat' dir='ltr'>pecunia</span> <span class='ocrx_word' id='word_1_370' title='bbox 783 3651 901 3726; x_wconf 85' lang='lat' dir='ltr'>amissa,</span> <span class='ocrx_word' id='word_1_371' title='bbox 916 3670 1080 3734; x_wconf 90' lang='lat' dir='ltr'>numquam</span> <span class='ocrx_word' id='word_1_372' title='bbox 1096 3653 1202 3716; x_wconf 79' lang='lat' dir='ltr'>defessi</span> <span class='ocrx_word' id='word_1_373' title='bbox 1215 3661 1287 3716; x_wconf 89' lang='lat' dir='ltr'>sunt</span> 
     </span>
    </p>
   </div>
   <div class='ocr_carea' id='block_1_6' title="bbox 230 3883 1286 4160">
    <p class='ocr_par' dir='ltr' id='par_1_15' title="bbox 230 3883 1286 4160">
     <span class='ocr_line' id='line_1_40' title="bbox 299 3883 1286 3957; baseline -0.001 -20"><span class='ocrx_word' id='word_1_374' title='bbox 299 3887 315 3937; x_wconf 83' lang='lat'><strong>3</strong></span> <span class='ocrx_word' id='word_1_375' title='bbox 333 3889 391 3957; x_wconf 90' lang='lat' dir='ltr'>quid</span> <span class='ocrx_word' id='word_1_376' title='bbox 404 3905 440 3941; x_wconf 83' lang='grc'>333</span> <span class='ocrx_word' id='word_1_377' title='bbox 451 3887 516 3954; x_wconf 94' lang='lat' dir='ltr'>quod</span> <span class='ocrx_word' id='word_1_378' title='bbox 529 3887 558 3938; x_wconf 93' lang='lat' dir='ltr'><em>V</em></span> <span class='ocrx_word' id='word_1_379' title='bbox 564 3885 573 3953; x_wconf 77' lang='grc'>11</span> <span class='ocrx_word' id='word_1_380' title='bbox 584 3884 650 3952; x_wconf 87' lang='lat' dir='ltr'>quoi]</span> <span class='ocrx_word' id='word_1_381' title='bbox 664 3885 706 3952; x_wconf 88' lang='lat' dir='ltr'>qui</span> <span class='ocrx_word' id='word_1_382' title='bbox 718 3885 751 3951; x_wconf 88' lang='lat' dir='ltr'>V,</span> <span class='ocrx_word' id='word_1_383' title='bbox 761 3885 802 3936; x_wconf 90' lang='lat' dir='ltr'>oui</span> <span class='ocrx_word' id='word_1_384' title='bbox 814 3883 910 3938; x_wconf 76' lang='lat' dir='ltr'>Laetus</span> <span class='ocrx_word' id='word_1_385' title='bbox 922 3885 974 3954; x_wconf 74' lang='grc'>[112</span> <span class='ocrx_word' id='word_1_386' title='bbox 986 3886 1053 3937; x_wconf 88' lang='lat' dir='ltr'>sicut</span> <span class='ocrx_word' id='word_1_387' title='bbox 1064 3886 1180 3938; x_wconf 86' lang='lat' dir='ltr'>instituto</span> <span class='ocrx_word' id='word_1_388' title='bbox 1195 3886 1229 3949; x_wconf 88' lang='lat' dir='ltr'>V,</span> <span class='ocrx_word' id='word_1_389' title='bbox 1245 3890 1286 3936; x_wconf 82' lang='lat' dir='ltr'>tu-</span> 
     </span>
     <span class='ocr_line' id='line_1_41' title="bbox 231 3952 1285 4023; baseline -0.003 -17"><span class='ocrx_word' id='word_1_390' title='bbox 231 3960 290 4008; x_wconf 83' lang='grc'>3133</span> <span class='ocrx_word' id='word_1_391' title='bbox 304 3956 420 4022; x_wconf 81' lang='grc'>03311133,</span> <span class='ocrx_word' id='word_1_392' title='bbox 433 3955 498 4009; x_wconf 86' lang='lat' dir='ltr'>sicut</span> <span class='ocrx_word' id='word_1_393' title='bbox 510 3954 535 4004; x_wconf 87' lang='lat' dir='ltr'>in</span> <span class='ocrx_word' id='word_1_394' title='bbox 549 3961 633 4004; x_wconf 86' lang='lat' dir='ltr'>statua</span> <span class='ocrx_word' id='word_1_395' title='bbox 645 3952 706 4003; x_wconf 83' lang='lat' dir='ltr'>nibil</span> <span class='ocrx_word' id='word_1_396' title='bbox 718 3959 822 4020; x_wconf 85' lang='lat' dir='ltr'>praeter</span> <span class='ocrx_word' id='word_1_397' title='bbox 835 3969 923 4006; x_wconf 83' lang='lat' dir='ltr'>nomen</span> <span class='ocrx_word' id='word_1_398' title='bbox 934 3952 1056 4023; x_wconf 70' lang='grc'>1133133311</span> <span class='ocrx_word' id='word_1_399' title='bbox 1071 3954 1101 4005; x_wconf 84' lang='grc'>13</span> <span class='ocrx_word' id='word_1_400' title='bbox 1119 3953 1285 4006; x_wconf 82' lang='lat' dir='ltr'>additamenta</span> 
     </span>
     <span class='ocr_line' id='line_1_42' title="bbox 231 4019 1286 4090; baseline -0.001 -17"><span class='ocrx_word' id='word_1_401' title='bbox 231 4023 259 4073; x_wconf 90' lang='lat' dir='ltr'>L.</span> <span class='ocrx_word' id='word_1_402' title='bbox 269 4023 382 4076; x_wconf 86' lang='lat' dir='ltr'>Postumi</span> <span class='ocrx_word' id='word_1_403' title='bbox 394 4025 429 4078; x_wconf 88' lang='lat' dir='ltr'>M.</span> <span class='ocrx_word' id='word_1_404' title='bbox 442 4021 538 4074; x_wconf 82' lang='lat' dir='ltr'>Fauoni</span> <span class='ocrx_word' id='word_1_405' title='bbox 552 4020 660 4073; x_wconf 78' lang='lat' dir='ltr'>Orelliue</span> <span class='ocrx_word' id='word_1_406' title='bbox 670 4019 679 4086; x_wconf 81' lang='grc' dir='ltr'>ΙΙ</span> <span class='ocrx_word' id='word_1_407' title='bbox 689 4021 719 4070; x_wconf 76' lang='grc'>15</span> <span class='ocrx_word' id='word_1_408' title='bbox 736 4035 876 4088; x_wconf 83' lang='lat' dir='ltr'>peruenere</span> <span class='ocrx_word' id='word_1_409' title='bbox 888 4039 923 4074; x_wconf 77' lang='lat' dir='ltr'>ac</span> <span class='ocrx_word' id='word_1_410' title='bbox 933 4021 1068 4090; x_wconf 82' lang='lat' dir='ltr'>peruenire</span> <span class='ocrx_word' id='word_1_411' title='bbox 1081 4021 1110 4074; x_wconf 87' lang='lat' dir='ltr'><em>V</em></span> <span class='ocrx_word' id='word_1_412' title='bbox 1117 4028 1126 4088; x_wconf 74' lang='lat' dir='ltr'>n</span> <span class='ocrx_word' id='word_1_413' title='bbox 1135 4021 1166 4073; x_wconf 84' lang='grc'>29</span> <span class='ocrx_word' id='word_1_414' title='bbox 1184 4028 1240 4074; x_wconf 82' lang='lat' dir='ltr'>tutu</span> <span class='ocrx_word' id='word_1_415' title='bbox 1251 4037 1286 4072; x_wconf 79' lang='grc'>333</span> 
     </span>
     <span class='ocr_line' id='line_1_43' title="bbox 230 4089 788 4160; baseline 0 -20"><span class='ocrx_word' id='word_1_416' title='bbox 230 4097 275 4141; x_wconf 85' lang='lat' dir='ltr'>tna</span> <span class='ocrx_word' id='word_1_417' title='bbox 288 4093 317 4144; x_wconf 89' lang='lat' dir='ltr'><em>V</em></span> <span class='ocrx_word' id='word_1_418' title='bbox 323 4092 331 4160; x_wconf 81' lang='lat' dir='ltr'>i</span> <span class='ocrx_word' id='word_1_419' title='bbox 340 4094 373 4143; x_wconf 85' lang='grc'>36</span> <span class='ocrx_word' id='word_1_420' title='bbox 385 4093 465 4158; x_wconf 84' lang='lat' dir='ltr'>putris</span> <span class='ocrx_word' id='word_1_421' title='bbox 478 4091 506 4143; x_wconf 92' lang='lat' dir='ltr'><em>V</em></span> <span class='ocrx_word' id='word_1_422' title='bbox 513 4089 522 4158; x_wconf 77' lang='grc'>11</span> <span class='ocrx_word' id='word_1_423' title='bbox 529 4089 562 4140; x_wconf 84' lang='grc'>311</span> <span class='ocrx_word' id='word_1_424' title='bbox 574 4095 747 4156; x_wconf 84' lang='lat' dir='ltr'>promerenter</span> <span class='ocrx_word' id='word_1_425' title='bbox 760 4089 788 4140; x_wconf 92' lang='lat' dir='ltr'><em>V</em></span> 
     </span>
    </p>
   </div>
   <div class='ocr_carea' id='block_1_7' title="bbox 0 0 1442 4678">
    <p class='ocr_par' dir='ltr' id='par_1_16' title="bbox 0 0 1442 4678">
     <span class='ocr_line' id='line_1_44' title="bbox 0 0 1442 4678; baseline 0 0"><span class='ocrx_word' id='word_1_426' title='bbox 0 0 1442 4678; x_wconf 95' lang='lat' dir='ltr'> </span> 
     </span>
    </p>
   </div>
  </div>
 </body>
</html>
