2846 4682
220 357 249 398 w
658 329 846 382 rmnrarro

221 498 323 551 mento
339 487 536 569 demonstravi
552 485 648 547 musei
662 485 797 545 Rhenani
812 483 870 544 vol.
882 483 982 556 xv111,
996 484 1032 546 cf.
1044 484 1132 546 huius
1144 485 1278 549 editionis

220 612 249 672 p.
265 592 335 663 142,
349 591 399 650 37.
428 595 579 668 praeterea
594 586 835 648 emendationum
851 587 1035 666 quanmdam
1050 587 1162 666 primos
1177 596 1279 651 aucto-

220 712 268 755 res
279 693 377 754 inveni
388 691 510 753 conlatis
521 687 699 750 editionibus
710 689 843 750 Romana
854 708 880 749 a.
895 687 976 750 1490
989 689 1181 770 aPomponio
1192 689 1280 754 Laeto

221 797 339 858 Venetis
359 813 401 856 aa.
421 791 502 852 1509
518 799 546 852 et
564 791 642 851 1521
666 790 702 851 ab
720 790 794 852 Aldo
814 790 862 851 illa
881 791 936 851 hac
951 809 967 851 a
981 790 1138 852 Francisco
1153 791 1279 854 Asulano

222 899 340 959 curatis.
376 895 489 956 eisdem
510 893 590 954 libris
607 910 678 953 rmus
696 911 764 953 sum
781 892 811 952 in
831 891 1018 953 recensendis
1035 893 1138 954 incerti
1154 894 1280 956 auctoris

223 997 428 1078 (nequeenim
445 997 503 1056 duo
520 995 656 1056 videntur
674 995 750 1070 esse)
767 994 941 1074 epistulis
957 994 996 1055 ad
1013 994 1216 1068 Caesarem,
1232 1013 1281 1056 ra-

221 1101 303 1162 tione
323 1107 424 1161 tamen
445 1097 566 1158 diversa.
596 1114 666 1157 nam
687 1114 746 1176 quo
767 1097 874 1157 certius
894 1097 931 1156 de
950 1096 1039 1157 huius
1058 1096 1186 1160 rhetoris
1207 1097 1279 1158 scri-

203 1201 310 1267 bendi
332 1217 437 1280 genere
460 1199 581 1260 iudicari
601 1205 716 1277 posset,
737 1197 833 1258 visum
848 1204 944 1258 estne
960 1197 1199 1278 orthographiam
1214 1198 1280 1276 qui-

222 1305 290 1364 dem
304 1303 361 1364 nisi
376 1302 490 1362 monito
505 1301 612 1361 lectore
626 1299 793 1360 immutare.

307 1403 503 1464 Historiarum
513 1402 587 1462 libro
596 1403 725 1462 secundo
735 1400 1040 1480 quiBerolinensis
1052 1402 1280 1462 membranae

222 1505 309 1566 verba
323 1505 482 1564 vindicaret
496 1503 610 1583 primus
627 1503 723 1564 extitit
737 1502 767 1562 C.
783 1501 815 1562 L.
832 1502 957 1562 Rothius
972 1503 1068 1562 musei
1082 1503 1216 1564 Rhenani
1227 1497 1285 1564 vo-¹

221 1607 332 1668 lumine
349 1607 428 1666 Vlll:
450 1605 558 1688 quippe
578 1605 609 1666 C.
626 1605 728 1666 Cottae
750 1604 891 1671 orationis
911 1604 1089 1684 principium
1108 1605 1139 1665 in
1160 1612 1279 1685 quartae

222 1709 376 1769 columnae
401 1707 531 1787 reliquiis
558 1708 647 1768 latere
670 1705 785 1786 egregio
806 1707 942 1768 acumine
964 1707 1118 1768 adsecutus
1139 1714 1192 1768 est.
1228 1705 1279 1766 sed

222 1809 363 1890 quoniam
378 1829 432 1889 pro
449 1810 489 1870 eis
506 1827 580 1888 quae
592 1808 816 1890 requirebantur
831 1809 975 1884 dislscruit
985 1817 1015 1870 et
1029 1811 1123 1889 fulera
1138 1811 1220 1889 qluce
1233 1816 1280 1868 ta-

220 1913 290 1973 bula
304 1911 410 1972 Pertzii
425 1909 576 1972 exhiberet
590 1915 677 1971 iacuit
691 1919 720 1971 et
733 1929 793 1990 aeq,
809 1909 931 1972 levicula
942 1930 1012 1972 sane
1024 1911 1201 1982 discrimine,
1217 1911 1281 1970 edi-

220 2021 319 2075 torem
334 2012 458 2092 epistula
473 2012 543 2072 adiit
555 2013 755 2091 quaesivitque
770 2012 806 2071 de
816 2013 951 2072 litterulis
963 2013 1018 2074 illis
1029 2031 1102 2074 num
1113 2013 1220 2073 iterum
1233 2012 1279 2072 in-

221 2123 321 2195 specta
340 2113 518 2176 membrana
534 2113 615 2173 aliter
636 2113 726 2173 statui
747 2120 856 2192 posset.
886 2115 1038 2192 respondit
1052 2115 1113 2186 ille‚=
1135 2115 1204 2175 olim
1221 2115 1280 2175 cla-

220 2219 338 2279 rissime
368 2215 568 2294 comparuisse
597 2233 630 2274 ea
654 2233 728 2292 quae
749 2220 849 2274 extant
869 2215 903 2274 in*
919 2215 1031 2287 tabula,
1057 2232 1137 2276 nuno
1157 2233 1279 2293 prorsus

222 2319 384 2380 evanuisse.
415 2324 444 2377 at
468 2317 538 2376 mihi
560 2315 591 2376 in
612 2315 674 2394 ipsa
694 2316 866 2376 membrana
886 2317 986 2377 statim
1005 2335 1059 2396 pro
1074 2320 1086 2376 i
1099 2317 1197 2377 littera
1211 2325 1279 2379 ante

222 2424 299 2482 aruit
318 2419 452 2500 apparuit
472 2417 663 2489 adimidiata,
687 2417 870 2496 eandemque
890 2419 1018 2479 litteram
1033 2426 1214 2509 agnoverunt
1228 2419 1281 2479 ali·

222 2529 295 2601 quot
308 2522 445 2582 homines
459 2519 536 2581 docti
545 2520 595 2599 qui
606 2538 680 2598 quae
692 2519 727 2580 lis
740 2527 817 2580 esset
829 2520 996 2598 ignorarent
1011 2526 1040 2580 et
1054 2519 1205 2598 Philippus
1213 2520 1281 2581 larse

221 2625 265 2686 vir
276 2623 381 2684 harum
388 2641 489 2684 rerum
495 2622 699 2701 peritissimus.
716 2621 820 2682 deinde
828 2639 882 2701 pro
889 2621 993 2682 litteris
1002 2639 1052 2701 neq
1060 2621 1172 2701 disperii
1179 2642 1211 2682 ea
1219 2622 1281 2702 ipsa

222 2745 296 2806 quae
316 2725 442 2786 Rothius
461 2723 552 2785 voluit
572 2741 637 2803 ereq
659 2723 716 2784 nisi
735 2724 815 2803 quod
835 2743 853 2784 r
871 2723 983 2786 litterae
996 2723 1170 2801 *dimidiatae
1185 2725 1281 2786 forma

219 2847 311 2908 prope
332 2827 367 2886 ad
386 2845 404 2886 a
422 2828 550 2888 formam
566 2825 684 2887 accedit.
711 2825 827 2887 ethaeo
842 2826 961 2905 quidem
977 2833 1054 2886 certa
1069 2807 1132 2886 esse
1148 2827 1280 2886 adfirmo.

220 2946 310 3008 quare
325 2945 414 2988 nemo
430 2927 488 2986 iam
500 2927 604 3004 opinor
615 2926 761 2987 Rothiano
772 2928 892 2988 invento
904 2927 991 2987 fidem
1004 2927 1137 2988 detrahet
1148 2927 1280 2988 Livium-

220 3049 278 3109 que
299 3046 353 3108 pro
371 3027 508 3088 Sallustio
528 3027 685 3088 revocabit.
715 3028 767 3088 sed
788 3035 904 3106 praeter
921 3029 995 3090 haec
1009 3029 1067 3089 duo
1081 3028 1196 3088 tabulae
1211 3028 1280 3091 vitia

222 3137 316 3192 cetera
340 3148 415 3209 quae
430 3130 524 3209 legere
538 3128 622 3208 potui
637 3135 699 3190 tam
714 3136 847 3196 accurate
864 3135 1000 3209 expressa
1014 3131 1121 3204 inveni,
1138 3137 1171 3192 ut
1181 3121 1278 3194 ‘codi-

220 3223 296 3294 cem'
316 3237 424 3292 testem
444 3230 565 3292 fecerim
585 3231 674 3292 etiam
688 3229 728 3291 ibi
742 3229 793 3292 ubi
807 3231 879 3312 nibil
894 3232 1022 3311 dispexi:
1045 3233 1141 3312 siquid
1156 3233 1279 3313 dispari,

219 3333 358 3413 adscripsi
373 3352 421 3394 me
434 3332 549 3393 vidisse.

304 3437 439 3498 Relicuae
465 3441 535 3495 sunt
554 3433 634 3495 tertii
655 3433 720 3494 libri
740 3435 939 3496 vaticanae
960 3434 1189 3496 membranae
1209 3445 1277 3515 post

219 3537 412 3598 Niebuhrium
432 3544 461 3597 et
480 3535 588 3596 Maium
611 3534 642 3594 ni
661 3534 782 3596 fallor'a
804 3535 921 3596 nemine
940 3528 1073 3598 relectae.
1111 3557 1183 3617 quas
1208 3556 1277 3599 cum
1304 3605 1307 3610 ,

218 3639 330 3700 Romae
344 3639 454 3699 frustra
469 3655 650 3716 quaererem,
674 3639 787 3700 oblatae
802 3645 872 3700 sunt
885 3639 1008 3700 schedae
1024 3638 1151 3700 Caietani
1164 3639 1278 3699 Marinii

219 3738 318 3800 codice
338 3740 401 3800 Vat'
417 3737 500 3798 9113
521 3739 707 3812 coniunctae,
730 3740 761 3800 in
782 3740 888 3819 quibus
908 3740 976 3800 inde
997 3759 1013 3801 a
1035 3741 1086 3802 fol.
1109 3740 1168 3801 311
1191 3740 1273 3800 inve-

217 3841 340 3902 niuntur
357 3847 387 3900 et
406 3840 549 3920 imagines
564 3841 802 3902 membranarum
819 3841 978 3902 delineatae
992 3849 1022 3902 et
1036 3842 1179 3920 scriptura
1193 3847 1277 3902 tran-

218 3943 334 4022 scripta.
364 3941 513 4020 inscripsit
532 3941 577 4002 his
598 3943 676 4002 curis
698 3943 760 4004 suis
780 3942 866 4004 verba
887 3943 976 4003 haece
992 3933 1115 4002 ‘scheda
1130 3942 1166 4002 de
1180 3943 1273 4005 fram-

217 4044 310 4105 menti
326 4043 493 4105 Sallustiani
513 4045 567 4104 che
586 4042 679 4124 copiai
699 4044 867 4106 moltissimi
887 4043 956 4106 anni
975 4057 1050 4105 sono
1070 4042 1106 4104 da
1119 4060 1162 4106 un
1176 4044 1276 4108 codice
