2854 4678
371 293 376 306 1
463 339 505 389 DE
522 339 629 390 BELLO
648 338 853 392 lUGUllTHlNO
1144 341 1182 403 91

121 513 189 556 rare
213 494 395 573 nequiverat.
429 495 481 554 sed
505 495 609 554 consul
627 494 751 573 expletis
772 493 933 572 legionibus
956 495 1184 573 cohortibusque
1205 495 1247 556 87

122 579 279 642 auxiliariis
296 579 327 639 in
338 597 440 658 agrum
451 579 578 639 fertilem
590 587 620 639 et
630 581 737 657 praeda
748 585 889 639 onustum
900 579 1101 658 proficiscitur,
1118 597 1184 639 om·

123 666 173 726 nia
184 664 223 724 ibi
234 671 318 742 capta
330 663 470 725 militibus
482 663 580 735 donat,
598 663 665 723 dein
678 665 793 724 castella
804 671 834 722 et
846 663 951 742 oppida
962 671 1067 724 natura
1078 671 1108 724 et
1118 664 1186 724 viris

123 767 230 828 parum
245 749 360 809 munita
374 748 552 827 aggreditur,
568 748 678 827 proelia
693 749 794 818 multa,
810 756 942 808 ceterum
957 748 1040 821 levia,
1054 749 1110 809 alia
1124 749 1186 808 aliis

88 847 102 894 5
124 834 196 895 locis
210 834 316 894 facere.
327 877 331 890 .
344 833 464 894 interim
479 833 547 893 novi
564 832 670 905 milites
682 833 745 892 sine
758 839 839 894 metu
850 850 964 911 pugnae
976 833 1086 904 adesse,
1103 832 1183 893 vide·
1206 842 1221 892 2

123 937 157 979 re
175 917 313 996 fugientis
332 917 396 996 capi
410 925 460 978 aut
477 917 581 988 occidi,
596 917 803 977 fortissumum
819 935 966 995 quemque
981 918 1184 987 tutissumum,

124 1003 215 1080 armis
229 1002 396 1062 libertatem
410 1001 534 1080 patriam
550 1007 745 1080 parentesque
760 1010 790 1062 et
804 1001 860 1062 alia
871 1001 970 1062 omnia
981 1002 1048 1080 tegi,
1064 1002 1186 1080 gloriam

124 1097 212 1167 atque
228 1087 341 1148 divitias
356 1087 465 1166 quaeri.
494 1086 537 1146 sic
550 1085 631 1146 brevi
645 1087 739 1164 spatio
751 1085 819 1147 novi
829 1093 1000 1165 veteresque
1011 1087 1144 1146 coaluere
1156 1094 1186 1146 et
1208 1096 1222 1144 3

124 1173 216 1232 virtus
237 1171 371 1231 omnium
391 1170 518 1249 aequalis
533 1170 617 1230 facta.
647 1177 677 1230 at
691 1189 773 1248 reges
789 1170 890 1232 ubido
905 1171 1031 1231 adventu
1045 1171 1117 1243 llari
1132 1189 1184 1230 co·
1206 1180 1223 1228 4

74 1267 105 1315 10
126 1263 301 1336 gnoverunt,
314 1255 420 1316 divorsi
431 1255 462 1314 in
473 1254 553 1315 locos
565 1253 689 1314 difficilis
701 1255 819 1315 abeunt.
845 1255 885 1316 ita
900 1255 1055 1334 Iugurthae
1067 1255 1185 1334 placue-

125 1349 171 1402 rat
186 1340 316 1419 speranti
330 1359 400 1400 mox
414 1341 522 1400 effusos
536 1339 630 1400 hostis
645 1339 740 1400 invadi
755 1357 851 1419 posse,
864 1340 1014 1400 Romanos
1025 1339 1111 1401 sicuti
1122 1339 1186 1419 plen

126 1443 234 1505 rosque
248 1432 365 1485 remoto
377 1431 460 1484 metu
470 1424 563 1485 laxius
574 1424 766 1502 licentiusque
777 1424 903 1485 tuturos.
931 1425 1063 1484 Metellus
1074 1425 1186 1485 interea
1207 1424 1249 1486 88

126 1512 251 1571 Romam
262 1509 412 1589 profectus
423 1516 526 1570 contra
536 1527 621 1586 spem
633 1527 717 1568 suam
727 1508 905 1569 laetissumis
917 1509 1022 1576 animis
1033 1509 1185 1588 excipitur,

127 1595 204 1674 plebi
218 1595 417 1674 patribusque,
434 1600 592 1672 postquam
607 1593 714 1653 invidia
729 1593 903 1664 decesserat,
918 1593 999 1654 iuxta
1014 1611 1107 1672 carus
1135 1593 1187 1653 sed
1208 1604 1222 1652 2

76 1686 107 1736 15
127 1679 233 1740 Marius
251 1679 363 1758 inpigre
381 1678 600 1757 prudenterque
619 1695 742 1738 suorum
758 1686 788 1738 ct
802 1677 933 1738 hostium
947 1696 995 1738 res
1010 1679 1120 1756 pariter
1134 1677 1186 1737 ad-

127 1765 263 1834 tendere,
284 1780 460 1842 cognoscere
476 1762 631 1840 quidboni
646 1763 779 1842 utrisque
794 1769 845 1823 aut
860 1769 962 1822 contra
977 1769 1068 1833 esset,
1084 1761 1186 1840 explo-

126 1863 191 1909 rare
212 1849 316 1910 itinera
334 1865 452 1926 regum,
474 1847 594 1906 consilia
614 1854 644 1906 et
658 1846 777 1915 insidias
792 1865 896 1906 eorum
912 1846 1092 1915 antevenire,
1114 1846 1187 1905 nihil

127 1933 203 2012 apud
219 1951 251 1993 se
266 1932 424 1992 remissum
438 1949 534 2009 neque
549 1931 626 2010 apud
640 1929 705 1991 illos
720 1939 819 1992 tutum
830 1931 900 2008 pati.
927 1931 1024 2009 itaque
1036 1938 1064 1991 et
1076 1930 1186 2004 Gaetu·
1208 1942 1222 1990 3

127 2019 171 2078 los
187 2024 217 2077 et
228 2017 399 2095 lugurtham
414 2035 450 2076 ex
459 2016 547 2075 sociis
559 2015 667 2075 nostris
679 2016 801 2094 praedas
813 2015 923 2094 agentis
935 2034 1021 2093 saepe
1032 2031 1186 2094 aggressus

76 2111 108 2160 20
128 2103 158 2162 in
172 2101 276 2162 itinere
290 2101 420 2172 fuderat,
441 2101 597 2178 ipsumque
611 2117 711 2177 regem
725 2100 804 2161 haud
818 2099 921 2179 procul
935 2099 971 2159 ab
987 2099 1094 2178 oppido
1109 2099 1187 2160 Cirta

129 2187 217 2246 armis
232 2192 361 2246 exuerat.
389 2203 463 2264 quae
475 2191 630 2262 postquam
642 2184 767 2262 gloriosa
778 2185 868 2244 modo
880 2203 976 2262 neque
987 2184 1056 2244 helli
1066 2191 1186 2262 patran-
1207 2196 1224 2244 4

129 2271 158 2330 di
172 2270 316 2349 cognovit,
332 2269 435 2330 statuit
449 2269 540 2341 urbis
556 2287 630 2346 quae
645 2268 712 2329 viris
727 2277 778 2330 aut
792 2269 856 2330 loco
871 2286 925 2348 pro
940 2269 1075 2329 hostibus
1090 2275 1120 2329 et
1134 2269 1186 2328 ad*-

129 2373 249 2416 vorsum
264 2374 296 2415 se
309 2354 586 2433 opportunissumae
597 2361 690 2425 erant,
706 2353 834 2432 singulas
846 2354 1069 2414 circumvenire:
1086 2353 1126 2413 ita
1137 2353 1187 2412 lu-

128 2441 266 2520 gurtham
280 2445 331 2498 aut
344 2437 495 2517 praesidiis
510 2438 662 2508 nudatum,
678 2438 704 2497 si
718 2456 753 2498 ea
763 2445 922 2516 pateretur,
938 2446 989 2497 aut
999 2438 1110 2516 proelio
1122 2455 1187 2498 oer-

78 2530 109 2582 25
129 2532 271 2584 taturum.
298 2537 367 2582 nam
382 2523 515 2583 bocchus
530 2522 702 2582 nuntiusad
717 2541 786 2582 eum
801 2541 887 2600 saepe
902 2521 1031 2593 miserat,
1047 2522 1118 2581 velle
1132 2540 1187 2598 po·
1209 2537 1223 2583 5
1277 2591 1282 2599 ,

129 2609 190 2688 puli
205 2607 331 2668 Romani
351 2607 522 2678 amicitiam,
544 2606 652 2684 nequid
673 2605 708 2668 ab
724 2625 756 2666 se
771 2606 877 2666 hostile
892 2605 1018 2665 timeret.
1048 2605 1077 2665 id
1093 2605 1187 2664 simu·
1210 2619 1225 2666 6

129 2693 284 2763 laveritne,
303 2710 363 2770 quo
378 2691 543 2770 inprovisus
557 2690 671 2768 gravior
684 2691 844 2762 accideret,
860 2707 898 2750 an
912 2689 1075 2750 mobilitate
1091 2689 1189 2766 ingeni

130 2797 234 2856 pacem
248 2784 336 2854 atque
351 2775 461 2836 bellum
475 2781 591 2835 mutare
605 2774 717 2846 solitus,
733 2793 839 2853 pamm
854 2773 1039 2852 exploratum
1054 2780 1108 2833 est.

102 2915 103 2920 ,
218 2861 276 2921 Sed
290 2859 408 2930 consul,
429 2859 473 2922 uti
487 2866 642 2930 statuerat,
659 2859 765 2938 oppida
781 2859 955 2938 castellaque
971 2858 1085 2918 munita
1099 2857 1187 2927 adire,
1209 2862 1252 2923 89

81 2952 112 3002 30
132 2947 239 3026 partim
254 2945 282 3004 vi
297 2944 351 3004 alia
366 2951 449 3006 metu
464 2951 514 3004 aut
528 2943 658 3022 praemia
669 2944 844 3004 ostentando
856 2951 988 3004 avortere
999 2943 1036 3004 ab
1046 2942 1189 3003 hostibus.

133 3052 166 3092 ac
184 3031 281 3110 primo
296 3028 455 3089 mediocria
469 3028 600 3108 gerebat.
622 3029 801 3089 existimans
816 3029 988 3106 Iugurtham
1004 3028 1041 3088 ob
1056 3047 1126 3088 suos
1140 3035 1189 3088 tu·
1212 3040 1227 3088 2

133 3115 237 3176 tandos
256 3114 288 3173 in
307 3131 414 3174 manus
433 3121 601 3174 venturum.
632 3114 683 3173 sed
698 3113 749 3174 ubi
764 3113 847 3173 illum
859 3113 962 3174 abesse
978 3120 1007 3172 et
1022 3113 1084 3174 aliis
1099 3130 1190 3190 nego·
1212 3125 1227 3173 3

132 3201 181 3260 tiis
208 3199 354 3258 intentum
373 3198 497 3277 accepit,
520 3198 631 3258 maiora
650 3205 681 3257 et
701 3199 793 3277 magis
813 3215 916 3276 aspera
936 3197 1052 3275 aggredi
1073 3204 1191 3273 tempus

133 3285 229 3345 visum
249 3291 303 3343 cst.
334 3290 396 3342 erat
411 3283 488 3345 inter
502 3281 627 3360 ingentis
642 3281 815 3342 solitudines
831 3281 971 3364 oppidum
988 3297 1129 3358 magnum
1145 3286 1190 3338 at·
1212 3292 1229 3341 4

85 3376 114 3426 35
136 3388 191 3448 que
206 3367 304 3428 valens
319 3367 439 3427 nomine
455 3367 559 3445 Capsa,
575 3367 658 3427 cuius
673 3367 808 3427 conditor
822 3366 961 3426 Hercules
972 3363 1059 3442 Libys
1075 3381 1192 3423 memo-

134 3454 262 3514 rabatur.
292 3451 354 3512 cius
370 3443 445 3526 cives
460 3452 537 3530 apud
552 3451 723 3530 Iugurtham
738 3452 884 3521 inmunes,
901 3449 956 3510 levi
970 3448 1094 3527 im'peric
1109 3454 1139 3508 et
1155 3447 1192 3508 oh

135 3558 169 3598 ea
188 3536 359 3597 fidelissumi
379 3535 574 3606 habebantur,
596 3536 702 3595 muniti
717 3537 873 3595 advorsum
888 3533 981 3594 hostis
996 3550 1056 3594 non
1077 3531 1192 3592 moeni-

135 3622 190 3682 bus
210 3621 300 3682 modo
315 3626 345 3682 et
360 3621 449 3682 armis
465 3627 553 3699 atque
568 3619 651 3693 viris,
673 3637 776 3680 verum
791 3619 880 3680 etiam
896 3617 990 3678 multo
1005 3618 1097 3696 magis
1112 3617 1192 3678 loco-

204 3859 219 3908 2
237 3859 372 3907 honustum
384 3857 563 3906 echonomum
576 3857 599 3906 P
610 3853 619 3922 ll
637 3856 653 3905 4
670 3855 738 3905 levia
749 3854 801 3904 alia
814 3853 979 3914 ciacconius,
993 3853 1044 3903 ulia
1056 3853 1122 3902 levia
1135 3851 1181 3901 PC
1188 3849 1196 3916 ll

141 3926 170 3974 12
187 3925 367 3989 lisceutiusque
380 3923 445 3988 (fuit
455 3923 514 3986 luc.)
528 3925 551 3972 P
563 3921 573 3990 ll
589 3923 618 3973 13
638 3923 763 3988 excipitur
775 3921 801 3984 0,
815 3922 937 3986 accipitur
949 3919 995 3971 PC
1005 3918 1014 3988 ΙΙ
1028 3920 1056 3969 21
1079 3919 1139 3968 belli
1150 3933 1195 3982 pu-

139 3993 350 4056 trundicognouit
361 3992 385 4041 P
397 3990 456 4047 (ded
469 4005 545 4040 causa
556 4009 578 4041 s.
590 4009 611 4040 s.
624 3993 651 4058 p)
666 3991 692 4052 G,
705 3993 789 4041 Prisc.
798 3990 846 4040 col.
859 3989 888 4039 ΙΙ
894 4005 921 4055 p.
930 3987 993 4050 310,
1007 3986 1067 4036 belli
1080 3985 1195 4050 patrandi

140 4062 233 4126 copiam
246 4059 364 4124 cognovit
378 4056 418 4124 Cll
432 4060 463 4109 23
481 4058 587 4122 siugulis
600 4059 645 4127 Pl
658 4059 690 4108 3'o
709 4073 785 4124 capsa
797 4077 809 4105 s
823 4059 846 4108 P
857 4054 867 4123 ss
880 4055 948 4122 lybis
957 4072 985 4122 p,
997 4054 1056 4104 libis
1067 4055 1090 4104 P
