2846 4682
227 349 269 411 50
590 346 627 397 c.
640 344 800 398 samusrl
818 345 920 398 canu
981 392 989 406 .

227 503 357 564 Africam
370 500 541 574 habuerint,
558 501 667 581 quique
682 509 785 581 postea
800 501 988 575 adcesserint,
998 508 1049 564 aut
1064 519 1123 582 quo
1135 502 1226 564 modo
1241 502 1291 564 in·

226 596 273 649 ter
283 607 315 648 se
329 587 468 667 permixti
481 587 556 660 sint,
573 604 754 666 quamquam
768 585 805 648 ab
814 601 854 648 ea
868 587 955 658 fama,
972 605 1048 667 quae
1062 587 1218 666 plerosque
1234 607 1291 668 op-

226 673 310 745 tinet,
326 671 476 734 divorsum
492 680 545 744 es't,
561 679 663 733 tamen
677 671 722 732 uti
732 691 769 732 ex
780 671 860 732 libris
871 671 999 744 Punicis,
1016 671 1066 750 qui
1077 671 1154 752 regis
1165 673 1291 752 Hiemp-

227 757 295 818 salis
310 755 490 830 dicebantur,
505 758 733 836 interpretatum
748 755 833 817 nohis
847 763 902 828 est,
917 756 1020 834 utique
1029 775 1092 818 rem
1106 775 1169 818 sese
1180 757 1290 822 habere

227 841 356 903 cultores
372 843 434 906 eim
448 849 544 904 terrae
559 848 686 922 putant,
703 859 792 920 quam
808 841 1002 921 paucissumis
1017 841 1121 904 dicam.
1153 849 1287 904 ceterum
1310 853 1326 902 5

227 927 299 988 fides
314 927 379 988 eius
394 926 437 988 rei
451 945 542 1006 penes
557 933 691 988 auctores
707 925 772 986 erit.
783 929 839 1002 Ὑ

167 1013 209 1074 18
311 1011 440 1074 Africam
459 1011 542 1072 initio
560 1009 690 1084 habuere
706 1009 821 1071 Gaetuli
835 1017 864 1071 et
878 1009 991 1089 Libyes,
1008 1010 1103 1090 asperi
1116 1009 1288 1090 incultique,

227 1095 292 1175 quis
312 1097 395 1157 cibus
416 1104 479 1156 erat
494 1114 561 1158 caro
576 1095 670 1156 ferina
685 1103 773 1174 atque
787 1094 872 1156 humi
894 1095 1036 1175 pabulum
1055 1095 1100 1156 uti
1119 1095 1287 1175 pecoribus.

189 1186 206 1240 2'
226 1180 253 1240 ei
267 1199 363 1260 neque
379 1181 512 1242 moribus
526 1198 623 1260 neque
637 1180 699 1260 lege
711 1187 762 1240 aut
773 1179 897 1259 imperio
909 1173 1082 1259 cuiusquam
1094 1181 1287 1260 regebantur:

190 1273 206 1323 3
227 1263 290 1344 vagi
309 1265 440 1344 palantes
461 1283 534 1344 quas
553 1283 613 1326 nox
633 1272 767 1344 coegerat
782 1264 867 1325 sedes
883 1265 1040 1326 habebant.
1063 1265 1116 1325 sed
1127 1272 1287 1344 postquam
1310 1276 1343 1326 10

225 1350 256 1409 in
271 1349 411 1429 Hispania
425 1349 577 1421 Hercules,
598 1349 684 1411 sicuti
697 1349 760 1410 Ani
774 1356 893 1428 putant,
914 1349 1037 1422 interiit,
1058 1350 1202 1412 exercitus
1223 1350 1288 1411 eius

226 1435 396 1512 conpositus
411 1453 446 1494 ex
467 1435 554 1495 variis
574 1434 710 1513 gentibus
731 1434 840 1495 amisso
858 1434 931 1496 duce
954 1452 987 1494 ac
998 1435 1107 1514 passim
1119 1434 1221 1496 multis·
1231 1435 1288 1496 sibi

189 1519 352 1598 aquisque
375 1519 534 1597 imperinm
560 1519 729 1598 petentibus
749 1519 830 1580 brevi
850 1519 996 1580 dilabitur.
1039 1538 1074 1580 ex
1100 1538 1135 1580 eo
1160 1538 1287 1580 numero

226 1602 303 1664 Medi
317 1603 423 1665 Persae
444 1611 474 1664 et
488 1603 633 1676 Armenii,
655 1603 777 1664 navibus
792 1604 824 1664 in
837 1603 965 1665 Africam
985 1604 1159 1673 transvecti,
1174 1622 1287 1684 proxu-

75 1719 90 1747 ι
189 1697 204 1746 a
227 1707 292 1749 mos
312 1696 415 1750 nostro
435 1688 511 1750 mari
530 1690 612 1750 locos
632 1705 824 1778 occupavpre,
846 1687 898 1748 sed
912 1688 1018 1750 Persae
1044 1689 1121 1750 intra
1136 1688 1286 1750 Oceanum
1310 1698 1342 1750 15

225 1773 319 1852 magis
339 1773 424 1852 eique
440 1773 536 1834 alveos
551 1773 670 1834 nauum
684 1773 819 1834 invorsos
838 1791 892 1853 pro
912 1773 1036 1852 tuguriis
1050 1773 1195 1846 habuere,
1218 1775 1287 1852 quia

226 1876 323 1938 neque
341 1859 464 1919 materia
483 1859 514 1919 in
534 1859 609 1937 agris
630 1876 727 1938 neque
748 1858 785 1920 ab
798 1858 936 1938 llispanis
950 1857 1072 1918 emundi
1086 1865 1137 1918 aut
1152 1859 1288 1920 mutandi

189 1952 205 2000 u
226 1943 309 2022 copia
324 1951 402 2004 erat:
424 1962 505 2004 mare
526 1961 665 2023 magnum
682 1950 712 2004 et
726 1943 826 2022 ignara
840 1944 938 2024 lingna
953 1942 1131 2004 commercio
1146 1944 1287 2022 prohibe-

189 2037 203 2084 t
226 2027 305 2088 bant.
329 2028 356 2088 ei
370 2027 511 2107 pandatim
526 2047 579 2107 per
593 2028 717 2090 conubia
731 2027 870 2088 Gaetrdos
890 2047 992 2090 secum
1006 2027 1163 2100 miscuere,
1178 2035 1207 2088 et
1219 2029 1288 2107 quia

224 2131 311 2190 saepe
332 2111 512 2192 temptantes
533 2131 617 2192 agros
632 2113 686 2173 alia
708 2113 814 2176 deinde
833 2113 888 2174 alia
907 2112 971 2174 loca
990 2113 1168 2192 petiverant,
1188 2120 1285 2174 semet
1308 2120 1342 2173 20
1416 2153 1417 2162 ,

144 2248 146 2250 ,
188 2203 203 2254 8
225 2197 280 2276 ipsi
295 2197 442 2258 Nomadas
461 2197 650 2276 appellavere.
681 2204 813 2258 ceterum
833 2198 928 2259 adhuc
947 2197 1077 2260 aedificia
1090 2197 1287 2260 Numidarum

225 2281 399 2360 agrestium,
421 2300 494 2361 quae
510 2281 696 2362 mapalia‘illi
710 2289 829 2354 vocant,
853 2283 978 2362 oblonga
1000 2282 1127 2344 incurvis
1147 2283 1287 2344 lateribus

188 2372 204 2422 9
225 2372 302 2426 tecta
322 2367 405 2445 quasi
427 2365 546 2427 navium
562 2367 676 2428 cannae
690 2373 769 2428 sunt.
799 2368 890 2428 Medis
910 2375 1011 2430 autem
1025 2374 1056 2428 et
1070 2367 1215 2428 Armeniis
1231 2367 1286 2428 ad·

225 2468 338 2512 cessere
358 2451 462 2530 Libyes
477 2486 520 2495 -
534 2470 603 2512 nam
618 2451 646 2512 ei
660 2452 781 2531 propius
796 2471 878 2513 mare
892 2452 1025 2513 iliricum
1039 2452 1196 2532 agitabant,
1209 2453 1286 2514 Gae-

224 2535 279 2596 tuli
289 2537 345 2598 sub
355 2536 416 2598 sole
428 2536 529 2616 magis,
543 2536 620 2598 haud
630 2537 733 2616 procul
744 2537 781 2597 ab
791 2537 943 2598 ardoribus
951 2537 1090 2618 ——eique
1102 2545 1217 2598 mature
1229 2557 1284 2616 op·
1306 2542 1340 2592 25

223 2621 291 2699 pida
317 2620 463 2682 habuere:
489 2641 559 2682 nam
583 2623 659 2683 beto
684 2621 767 2682 divisi
787 2621 824 2682 ab
842 2621 981 2702 Hispania
1001 2628 1116 2683 mutare
1137 2641 1184 2682 res
1207 2621 1285 2682 inter

171 2712 203 2763 10
223 2725 254 2766 se
270 2706 467 2768 instituerant.
497 2724 607 2768 nomen
622 2725 727 2768 eornm
742 2706 884 2787 paulatim
898 2707 1003 2786 Libyes
1019 2723 1195 2787 conrupere,
1215 2706 1284 2768 bar-

172 2796 201 2847 ll
223 2790 293 2852 bara
314 2791 412 2870 lingua
430 2789 546 2871 Mauros
568 2810 621 2870 pro
643 2791 736 2853 Medis
755 2792 944 2872 appellantes,
987 2791 1038 2852 sed
1057 2809 1106 2852 res
1127 2791 1285 2852 Persarum

223 2875 303 2936 brevi
318 2875 442 2936 adolevit
461 2895 495 2936 ac
505 2883 607 2954 postea
618 2877 739 2937 nomine
751 2876 909 2948 Numidae,
931 2881 1053 2955 propter
1064 2876 1284 2938 multitudinem

223 2960 423 3036 aparentibus
438 2960 573 3038 digressi,
597 2961 753 3038 possedere
767 2981 802 3022 ea
816 2960 894 3032 loca,
911 2979 985 3040 quae
999 2978 1145 3039 proxuma
1160 2961 1282 3022 Cartha·
1304 2966 1339 3018 30
1413 2941 1414 2950 ¹

170 3050 201 3100 12
222 3041 289 3120 gine
303 3042 440 3104 Numidia
463 3043 633 3122 appellatur.
663 3044 767 3105 deinde
786 3045 904 3124 utrique
924 3045 1023 3107 alteris
1042 3045 1110 3106 freti
1131 3045 1282 3107 finitumos

221 3126 311 3186 armis
326 3134 377 3188 aut
396 3135 479 3188 metu
492 3128 547 3188 sub
569 3128 727 3208 imperium
746 3148 836 3191 suum
858 3149 992 3210 coegere,
1013 3147 1124 3191 nomen
1143 3131 1282 3209 gloriam-

222 3229 280 3290 que
298 3211 355 3277 sihi
370 3211 522 3285 addidere,
538 3212 630 3291 magis
646 3213 687 3286 ei,
704 3213 754 3292 qui
769 3215 804 3276 ad
818 3222 955 3276 nostrum
971 3233 1052 3276 mare
1067 3211 1280 3295 processerant,

222 3297 289 3376 quia
303 3296 408 3377 Libyes
424 3315 513 3376 quam
530 3297 644 3358 Gaetuli
659 3299 758 3359 minus
772 3297 911 3362 bellicosi.
942 3300 1068 3378 denique
1083 3299 1197 3361 Africae
1212 3318 1281 3378 pars

220 3380 341 3443 inferior
359 3382 498 3462 pleraque
520 3383 557 3444 ab
572 3381 707 3444 Numidis
727 3403 863 3464 possessa
882 3392 943 3458 est,
959 3385 1028 3446 victi
1043 3401 1147 3446 omnes
1161 3385 1192 3446 in
1206 3403 1279 3464 gen·
1301 3394 1335 3446 35

224 3513 408 3524 -——.-.-...

289 3597 304 3646 2
322 3595 373 3646 sint
387 3597 416 3664 C,
434 3606 492 3651 sunt
508 3599 555 3650 PC
564 3599 601 3668 ΙΙΊ
619 3601 702 3670 lybies
719 3601 759 3652 vel
773 3603 847 3654 libies
859 3606 1021 3670 praemiaque
1033 3605 1057 3653 P
1072 3599 1082 3671 ΙΙ
1101 3603 1132 3652 10
1150 3618 1211 3668 quas
1227 3601 1279 3666 PC,

219 3677 267 3727 qua
281 3663 303 3712 C
311 3659 321 3730 ll
337 3665 368 3714 14
385 3668 481 3717 armeni
490 3668 515 3718 P
525 3665 535 3736 ΙΙ
550 3669 581 3718 18
594 3671 739 3720 commertio
748 3673 779 3732 P,
794 3671 1082 3736 commerciasscfilug.
1091 3670 1159 3736 67,1
1172 3668 1182 3738 ΙΙ
1197 3671 1227 3720 19
1239 3686 1281 3721 ae-

219 3745 274 3778 cum
287 3745 336 3780 om.
351 3733 376 3782 P
386 3731 396 3799 ss
409 3735 442 3784 20
460 3736 510 3785 alin
521 3737 579 3786 loca
592 3738 637 3799 (aar
650 3738 700 3788 alio
715 3739 781 3800 loco)
792 3757 858 3787 *aeae
867 3739 933 3803 (loca
946 3741 1024 3804 eras.)
1036 3739 1179 3805 petinerant
1188 3740 1213 3788 P
1247 3740 1277 3788 21

218 3797 266 3862 ipsi
281 3795 307 3862 C,
320 3799 328 3846 i
347 3814 389 3848 sos
403 3803 446 3864 (os
457 3805 485 3851 in
497 3806 566 3865 ras.)
577 3801 621 3870 Pp
635 3807 752 3855 nomadas
766 3806 827 3856 Pet
839 3822 873 3856 ecc
884 3822 899 3855 z
911 3810 1035 3876 optimus,
1049 3807 1161 3856 numidas
1170 3804 1214 3874 pe
1246 3806 1279 3856 23

217 3871 285 3915 tecto
297 3867 322 3915 P
338 3863 342 3934 l
356 3869 464 3918 armenis
473 3871 497 3920 P
508 3868 518 3938 ss
531 3871 564 3920 24
573 3872 670 3934 gentuli
682 3874 707 3923 P
717 3869 728 3941 ss
741 3872 773 3922 25
785 3875 875 3938 procul
885 3876 964 3942 rppgip
977 3876 1008 3924 ab
1021 3876 1046 3925 P
1056 3872 1066 3943 ll
1078 3883 1177 3925 mature
1189 3891 1224 3924 acc
1236 3891 1280 3925 na-

216 3943 275 3986 ture
291 3933 331 4005 ΡΙ
349 3936 382 3987 30
404 3939 519 4003 proxima
540 3941 685 4006 carthagine
705 3945 856 3996 Amanum
874 3963 901 4014 p.
921 3947 986 4009 252,
1004 3947 1119 4013 proxima
1140 3947 1280 4011 carthagini

216 4003 299 4055 Diem
307 4021 333 4072 p.
344 4003 402 4071 410,
414 4007 527 4072 proxime
541 4009 655 4074 (prorum
675 4014 702 4061 in
713 4027 799 4079 nmrg.
806 4014 835 4081 p)
847 4014 1017 4080 carthaginem
1029 4012 1095 4082 Pop
1108 4016 1142 4066 32
1153 4028 1244 4083 cpgere
1257 4015 1280 4078 (e

215 4087 273 4138 sup.
284 4074 308 4137 ο)
321 4074 350 4139 P,
362 4072 374 4122 l
384 4090 475 4139 cogere
483 4092 509 4143 p.
518 4079 545 4126 eia
556 4092 641 4143 marg.
