2846 4682
410 369 453 422 no
471 355 720 425 couronarroiun
738 371 916 426 curruum
978 444 990 468 ·
1144 379 1205 441 ‚ar

127 526 236 588 blarius
252 526 284 586 in
298 526 429 587 exercitu
442 525 579 588 babuisse
595 525 753 588 dicebatur.
787 535 818 590 at
831 548 867 590 ex
882 529 972 590 altera
986 536 1071 608 parte
1085 529 1116 592 C.
1131 531 1193 592 An·
1214 541 1230 592 1

129 611 230 672 tonius
250 609 374 689 pedibus
389 629 488 690 aeger,
505 611 584 689 quod
607 611 719 690 proelio
735 612 836 673 adesse
851 613 1005 692 nequibat,
1021 611 1059 674 M.
1075 614 1193 676 Petreio

129 697 223 775 legato
238 695 400 758 exercitum
415 695 570 775 permittit.
600 695 647 756 ille
662 695 791 757 cohortis
807 707 974 769 veteranas,
991 717 1064 778 quas
1080 699 1192 760 tumul·¹
1214 711 1229 760 5

129 788 178 841 tus
189 798 278 861 cansa
290 780 512 858 conscripserat,
525 780 556 840 in
570 780 679 852 boote,
695 787 762 860 post
776 801 827 864 eas
839 789 971 843 ceterum
987 783 1147 856 exercitum
1162 783 1194 844 in

93 878 108 926 5
129 863 268 926 subsidiis
294 863 380 925 locat.
421 865 483 943 ipse
508 883 585 944 equo
604 865 780 932 circumiens
802 883 897 926 unum
923 885 1071 946 quemque
1095 868 1194 928 nomi-

127 967 203 1010 nans
218 947 344 1028 appellat
359 949 510 1019 hortatur,
531 956 614 1028 rogat
628 955 662 1010 ut
677 949 868 1012 meminerint
889 970 921 1012 se
942 959 1045 1012 contra
1066 953 1194 1032 latrones

130 1033 252 1095 inermis
272 1050 327 1111 pro
342 1033 435 1112 patria
449 1031 503 1113 pro
518 1033 616 1093 liberis
636 1052 690 1112 pro
714 1036 771 1095 aris
792 1043 880 1114 atque
900 1036 973 1096 focis
993 1035 1053 1096 suis
1073 1044 1194 1096 cenare.

130 1119 221 1180 bomo
237 1117 386 1188 militaris,
403 1119 481 1196 qnod
501 1118 626 1196 amplius
641 1135 734 1178 annos
750 1119 867 1198 triginta
886 1119 1020 1182 tribunus
1042 1127 1092 1180 aut
1109 1139 1193 1200 prae·
1215 1133 1231 1182 o

98 1239 102 1242 -
130 1203 227 1264 lectus
243 1211 294 1262 aut
307 1202 419 1282 legatus
434 1210 486 1264 aut
500 1210 619 1282 praetor
633 1221 704 1264 cum
717 1207 822 1284 magna
837 1205 927 1284 gloria
938 1205 969 1265 in
985 1203 1114 1266 exercitu
1125 1205 1190 1266 fue-

80 1299 109 1350 10
130 1296 191 1359 rat,
207 1286 364 1366 plerosque
384 1287 463 1366 ipsos
481 1287 616 1366 factaque
637 1305 742 1348 eorum
757 1289 844 1350 lortia
864 1292 1000 1353 noverat:
1016 1309 1050 1359 ea
1071 1307 1191 1352 conme-
1287 1353 1290 1358 ,

130 1371 276 1434 morando
290 1371 419 1432 militum
432 1371 547 1448 animo's
561 1372 746 1433 accendebat.

218 1456 278 1516 Sed
297 1455 348 1516 ubi
369 1455 506 1516 omnibus
526 1455 615 1517 rebus
640 1456 797 1536 exploratis
822 1457 957 1518 Petreius
980 1457 1051 1520 tuba
1075 1459 1193 1538 signum
1213 1463 1255 1524 bb

131 1541 190 1614 dat,
204 1539 334 1602 cohortis
345 1541 485 1620 paulatim
497 1541 632 1602 incedere
647 1541 737 1602 iubet.
763 1541 842 1602 idern
857 1542 927 1604 facit
938 1543 1069 1604 hostium
1081 1544 1192 1606 exerci-

131 1635 190 1687 tus.
206 1631 363 1704 postquam
374 1633 537 1686 eoventum
546 1633 600 1698 est,
613 1626 691 1686 unde
703 1645 718 1686 a
729 1625 893 1687 ferentariis
904 1627 1049 1706 proelium
1058 1627 1193 1689 conmitti
1214 1640 1229 1690 2

81 1721 110 1769 15
130 1717 247 1791 posset,
276 1728 416 1770 maxumo
436 1712 564 1770 clamore
588 1729 657 1772 cum
676 1710 789 1771 infestis
810 1709 899 1789 signis
920 1719 1114 1772 concurrunt:
1134 1712 1193 1791 pila

131 1794 289 1876 omittunt,
310 1794 412 1874 gladiis
426 1813 474 1856 res
488 1795 608 1875 geritur.
638 1795 768 1856 veterani
787 1793 928 1874 pristinae
943 1795 1060 1857 uirtutis
1074 1815 1191 1858 memo·
1213 1804 1227 1854 3

131 1899 187 1947 ωεΔ
205 1879 372 1941 comminus
392 1880 499 1940 acriter
517 1879 640 1952 instare,
660 1879 702 1940 illi
721 1879 799 1940 baud
825 1880 922 1960 timidi
947 1879 1101 1943 resistunt:
1127 1880 1192 1942 ma-

132 1983 222 2026 xuma
241 1965 269 2025 vi
288 1971 425 2025 certatur.
455 1965 567 2025 interea
582 1964 704 2026 Catilina
724 1981 792 2024 cum
813 1965 954 2044 expeditis
976 1965 1006 2026 in
1021 1965 1116 2046 prima
1131 1965 1191 2027 acie
1214 1978 1231 2028 t

132 2050 259 2120 versari,
279 2049 478 2110 laborantibus
499 2067 683 2121 succurrere,
699 2049 828 2128 integros
842 2068 897 2128 pro
910 2049 1016 2112 sauciis
1035 2068 1192 2122 arcessere,

80 2152 111 2203 ιο
132 2133 406 2213 omniaprovidere,
416 2133 544 2194 multum
556 2134 618 2212 ipse
630 2150 768 2214 pugnare,
778 2153 864 2214 saepe
875 2134 994 2196 hostem
1006 2135 1106 2196 ferire:
1115 2142 1192 2195 stre-

132 2219 186 2280 nui
201 2218 300 2279 militis
315 2225 345 2278 et
359 2219 429 2280 boni
444 2217 629 2298 imperatoris
643 2219 738 2280 cilicia
753 2218 842 2280 simul
856 2220 1065 2300 exequebatur.
1089 2220 1192 2282 Petre·
1214 2237 1229 2286 5

133 2305 189 2374 ius,
205 2303 257 2364 ubi
272 2303 349 2364 videt
365 2303 518 2364 Catilinam
540 2310 643 2364 contra
658 2323 692 2364 ac
705 2309 787 2364 ratus
807 2311 870 2365 erat
890 2323 995 2384 magna
1014 2305 1042 2366 vi
1061 2306 1191 2377 tendere,

133 2389 289 2448 cohortem
304 2389 482 2468 praetoriam
496 2388 528 2449 in
542 2388 656 2448 medios
670 2387 764 2448 bostis
779 2387 890 2450 inducit
910 2407 1019 2468 eosque
1036 2389 1191 2468 perturba-

133 2483 181 2534 tos
203 2480 291 2560 atque
312 2473 383 2534 alios
403 2471 472 2534 alibi
490 2473 660 2534 resistentes
680 2473 826 2533 interficit.
860 2473 965 2534 deinde
985 2473 1135 2552 utrimque
1156 2494 1193 2534 ex

82 2570 112 2622 25
133 2557 273 2618 lateribus
298 2564 411 2618 ceteros
434 2558 607 2636 aggreditur.
642 2556 764 2618 Manlius
787 2565 817 2618 et
838 2557 1016 2619 Faesulanus
1038 2557 1192 2636 inprimis
1213 2571 1229 2622 6

131 2649 296 2722 pugnantes
320 2641 437 2703 cadunt.
473 2641 592 2702 Catilina
617 2649 775 2722 postquam
795 2641 876 2702 fusas
896 2643 994 2720 copias
1013 2660 1104 2720 seque
1123 2660 1192 2702 cunr
1214 2653 1227 2703 1

131 2726 234 2808 paucis
248 2727 382 2789 relictum
398 2726 485 2799 videt,
502 2745 618 2788 mernor
631 2726 745 2806 generis
760 2732 849 2805 atque
863 2725 1003 2804 pristinae
1014 2745 1084 2786 suae
1096 2725 1191 2804 digni-

132 2811 249 2890 gnitatis
269 2811 301 2872 in
320 2811 562 2874 confertissumos
575 2811 670 2872 bostis
684 2810 808 2871 incurrit
822 2809 920 2890 ibique
939 2821 1074 2891 pugnans
1088 2810 1190 2870 conlo·

133 2897 221 2958 ditur.

84 2993 115 3043 so
219 2979 279 3042 Sed
304 2980 439 3042 confecto
460 2981 571 3059 proelio
594 2987 660 3041 turn
680 2997 750 3040 vero
771 2998 920 3052 cerneres,
943 2987 1052 3060 quanta
1072 2979 1192 3042 audacia
1212 2981 1252 3043 ol

133 3073 301 3146 quantaque
325 3065 415 3126 animi
438 3064 479 3126 vis
506 3066 611 3126 fuisset
639 3066 670 3126 in
697 3065 827 3128 exercitu
853 3065 999 3127 Catilinae.
1035 3083 1105 3125 nam
1130 3065 1228 3126 feret

133 3169 222 3230 quem
238 3149 363 3230 quisque
377 3151 457 3211 vivos
471 3151 628 3230 pugnando
643 3150 741 3210 locum
756 3156 882 3229 ceperat,
897 3169 965 3210 eum
978 3151 1084 3212 amissa
1095 3151 1192 3210 anima

134 3253 256 3314 corpore
267 3235 392 3314 tegebat.
416 3235 501 3314 pauci
512 3246 620 3307 autem,
634 3253 708 3314 qnos
723 3235 837 3295 medios
853 3235 959 3296 cohors
970 3234 1115 3314 praetoria
1130 3234 1190 3294 dis·
1213 3242 1228 3292 3

133 3319 256 3392 iecerat,
278 3321 365 3400 paulo
385 3319 529 3381 divorsius
551 3319 603 3381 sed
623 3336 728 3380 omnes
748 3326 849 3379 tamen
870 3319 1000 3380 advorsis
1023 3318 1191 3378 volneribus

200 3590 217 3639 3
234 3591 304 3640 inter
314 3590 439 3656 permittit
450 3593 476 3640 et
489 3589 533 3639 ille
544 3591 570 3638 iu
584 3590 608 3638 P
617 3593 748 3642 iterantur
759 3588 837 3639 verda
848 3587 894 3640 ille
903 3589 1020 3640 cohortes
1033 3603 1056 3638 n.
1067 3603 1091 3653 q.
1103 3595 1123 3638 t.
1136 3603 1159 3638 e.
1170 3604 1192 3638 c.

133 3658 149 3707 i.
163 3655 180 3708 1.
194 3673 216 3722 p.
230 3654 274 3706 eos
285 3659 339 3717 (εἰει
351 3657 490 3708 exercitum
499 3655 631 3723 permittit,
640 3656 731 3706 debuit
739 3671 832 3705 romeus
839 3659 926 3723 priano
939 3654 948 3722 ΙΙ
960 3655 1083 3706 tumultus
1093 3655 1144 3718 PC,
1152 3657 1193 3705 ni·

134 3726 158 3774 st*
167 3723 236 3790 quod
244 3741 313 3775 unus
324 3725 426 3776 tumulti
438 3725 448 3791 Ε
462 3725 478 3774 6
495 3731 585 3774 eontra
594 3744 661 3773 *aas*
670 3723 783 3774 latrones
796 3724 906 3774 inermos
915 3721 959 3788 ΡΙ
978 3725 1005 3773 tl
1022 3721 1191 3774 alerentoriis

136 3791 231 3844 CNon.
242 3809 268 3859 p.
277 3793 337 3854 554,
350 3808 364 3842 a
376 3807 426 3842 om.
439 3791 485 3844 PC
494 3790 504 3858 ll
521 3795 549 3841 ld
562 3799 649 3856 posset
659 3791 702 3858 Cp,
714 3791 795 3856 possit
805 3790 869 3858 Pel
883 3793 913 3842 17
927 3791 1064 3842 comminus
1076 3807 1112 3841 esc
1124 3806 1192 3841 com-

135 3859 205 3910 minis
216 3859 241 3910 P
252 3858 262 3924 11
280 3859 307 3908 18
325 3861 351 3909 ui
368 3867 482 3910 certatur
497 3876 533 3910 eor
548 3859 646 3910 uirtute
658 3860 682 3910 P
693 3858 704 3928 11
721 3861 749 3908 ts
766 3859 935 3910 arcessereP
950 3862 995 3918 (eor
1010 3861 1152 3920 arcessere)
1165 3857 1192 3920 C,

135 3941 266 3978 accersere
284 3925 328 3992 Cb
346 3927 378 3976 12
395 3927 421 3976 ni
437 3927 541 3977 tendere
557 3926 613 3992 PC,
629 3926 656 3976 ui
672 3927 822 3978 contendere
841 3927 881 3992 Cn
894 3927 926 3978 25
944 3923 1085 3977 lessulanus
1101 3923 1146 3990 ΡΙ
1160 3925 1192 3972 'ln

98 4043 103 4054 ,
135 3995 236 4046 catilina
253 4008 303 4044 orn.
313 3994 364 4058 PC,
376 4011 397 4044 s.
409 3993 453 4044 un.
464 3998 523 4062 post
537 4001 667 4060 postquam
679 3995 719 4046 oel
726 3998 788 4062 post
798 3995 867 4062 uidet
877 3994 918 4047 cel
932 3996 958 4044 r'u
969 4009 1055 4058 nrcrg.
1064 3989 1195 4041 adduotC

133 4059 181 4127 lli
200 4061 319 4112 relictum
331 4077 367 4112 erc
378 4061 484 4127 reliqum
496 4063 520 4112 P
531 4060 541 4128 Ι
554 4062 587 4112 33
603 4063 728 4127 praeterio
741 4062 765 4112 P
