<?xml version="1.0" encoding="UTF-8"?>
<!DOCTYPE html PUBLIC "-//W3C//DTD XHTML 1.0 Transitional//EN"
    "http://www.w3.org/TR/xhtml1/DTD/xhtml1-transitional.dtd">
<html xmlns="http://www.w3.org/1999/xhtml" xml:lang="en" lang="en">
 <head>
  <title>
</title>
<meta http-equiv="Content-Type" content="text/html;charset=utf-8" />
  <meta name='ocr-system' content='tesseract 3.04.00' />
  <meta name='ocr-capabilities' content='ocr_page ocr_carea ocr_par ocr_line ocrx_word'/>
</head>
<body>
  <div class='ocr_page' id='page_1' title='image "./csallusticrispi00jordgoog_0124.png"; bbox 0 0 2854 4678; ppageno 0'>
   <div class='ocr_carea' id='block_1_1' title="bbox 216 1279 1102 1549">
    <p class='ocr_par' dir='ltr' id='par_1_1' title="bbox 216 1279 1102 1549">
     <span class='ocr_line' id='line_1_1' title="bbox 482 1279 859 1371; baseline 0.008 -3"><span class='ocrx_word' id='word_1_1' title='bbox 482 1306 513 1368; x_wconf 90' lang='lat' dir='ltr'><strong>c.</strong></span> <span class='ocrx_word' id='word_1_2' title='bbox 531 1305 714 1369; x_wconf 78' lang='lat' dir='ltr'><strong>smnusrr</strong></span> <span class='ocrx_word' id='word_1_3' title='bbox 737 1279 859 1371; x_wconf 78' lang='lat' dir='ltr'><strong>careri</strong></span> 
     </span>
     <span class='ocr_line' id='line_1_2' title="bbox 216 1471 1102 1549; baseline 0.002 -5"><span class='ocrx_word' id='word_1_4' title='bbox 216 1471 591 1546; x_wconf 71' lang='lat' dir='ltr'><strong>&#39;ORATIONES</strong></span> <span class='ocrx_word' id='word_1_5' title='bbox 642 1473 710 1545; x_wconf 83' lang='grc' dir='ltr'><strong>ΕΤ</strong></span> <span class='ocrx_word' id='word_1_6' title='bbox 762 1473 1102 1549; x_wconf 82' lang='lat' dir='ltr'>EPISTULAE</span> 
     </span>
    </p>
   </div>
   <div class='ocr_carea' id='block_1_2' title="bbox 441 1653 889 1710">
    <p class='ocr_par' dir='ltr' id='par_1_2' title="bbox 441 1653 889 1710">
     <span class='ocr_line' id='line_1_3' title="bbox 441 1653 889 1710; baseline 0.002 -2"><span class='ocrx_word' id='word_1_7' title='bbox 441 1655 641 1708; x_wconf 82' lang='lat' dir='ltr'><strong>EXCERPTAE</strong></span> <span class='ocrx_word' id='word_1_8' title='bbox 659 1657 702 1708; x_wconf 85' lang='lat' dir='ltr'><strong>DE</strong></span> <span class='ocrx_word' id='word_1_9' title='bbox 720 1653 889 1710; x_wconf 80' lang='lat' dir='ltr'><em>HISTORIIS.</em></span> 
     </span>
    </p>
   </div>
   <div class='ocr_carea' id='block_1_3' title="bbox 387 1855 952 2018">
    <p class='ocr_par' dir='ltr' id='par_1_3' title="bbox 387 1855 952 2018">
     <span class='ocr_line' id='line_1_4' title="bbox 387 1855 952 1925; baseline 0 -2"><span class='ocrx_word' id='word_1_10' title='bbox 387 1855 591 1923; x_wconf 78' lang='lat' dir='ltr'><strong>ORATIO</strong></span> <span class='ocrx_word' id='word_1_11' title='bbox 623 1855 813 1923; x_wconf 77' lang='lat' dir='ltr'><strong>LEPIDI</strong></span> <span class='ocrx_word' id='word_1_12' title='bbox 843 1855 952 1925; x_wconf 71' lang='lat'><strong>008.</strong></span> 
     </span>
     <span class='ocr_line' id='line_1_5' title="bbox 441 1961 894 2018; baseline 0 -2"><span class='ocrx_word' id='word_1_13' title='bbox 441 1963 491 2016; x_wconf 78' lang='lat' dir='ltr'><strong>Ao</strong></span> <span class='ocrx_word' id='word_1_14' title='bbox 510 1961 894 2018; x_wconf 77' lang='lat' dir='ltr'><strong>roronuuncusruu.</strong></span> 
     </span>
    </p>
   </div>
   <div class='ocr_carea' id='block_1_4' title="bbox 80 2063 1229 3007">
    <p class='ocr_par' dir='ltr' id='par_1_4' title="bbox 135 2063 1228 2416">
     <span class='ocr_line' id='line_1_6' title="bbox 223 2063 1228 2162; baseline 0.001 -19"><span class='ocrx_word' id='word_1_15' title='bbox 223 2063 384 2145; x_wconf 72' lang='lat' dir='ltr'><strong>Clementia</strong></span> <span class='ocrx_word' id='word_1_16' title='bbox 403 2089 433 2142; x_wconf 91' lang='lat' dir='ltr'><strong>et</strong></span> <span class='ocrx_word' id='word_1_17' title='bbox 448 2081 578 2162; x_wconf 76' lang='lat' dir='ltr'><strong>probitas</strong></span> <span class='ocrx_word' id='word_1_18' title='bbox 593 2089 704 2154; x_wconf 88' lang='lat' dir='ltr'><strong>vestra,</strong></span> <span class='ocrx_word' id='word_1_19' title='bbox 727 2082 870 2154; x_wconf 82' lang='lat' dir='ltr'>Quirites,</span> <span class='ocrx_word' id='word_1_20' title='bbox 892 2081 1000 2160; x_wconf 88' lang='lat' dir='ltr'><strong>quibus</strong></span> <span class='ocrx_word' id='word_1_21' title='bbox 1016 2100 1069 2162; x_wconf 90' lang='lat' dir='ltr'><strong>per</strong></span> <span class='ocrx_word' id='word_1_22' title='bbox 1083 2087 1193 2144; x_wconf 82' lang='lat' dir='ltr'><strong>ceteras</strong></span> <span class='ocrx_word' id='word_1_23' title='bbox 1203 2081 1228 2137; x_wconf 77' lang='lat' dir='ltr'><strong>&#39;l</strong></span> 
     </span>
     <span class='ocr_line' id='line_1_7' title="bbox 136 2163 1196 2248; baseline 0.002 -20"><span class='ocrx_word' id='word_1_24' title='bbox 136 2167 230 2248; x_wconf 86' lang='lat' dir='ltr'><strong>gentis</strong></span> <span class='ocrx_word' id='word_1_25' title='bbox 255 2163 387 2228; x_wconf 85' lang='lat' dir='ltr'><strong>maxumi</strong></span> <span class='ocrx_word' id='word_1_26' title='bbox 406 2174 436 2228; x_wconf 90' lang='lat' dir='ltr'><strong>et</strong></span> <span class='ocrx_word' id='word_1_27' title='bbox 455 2166 539 2227; x_wconf 93' lang='lat' dir='ltr'><strong>claris</strong></span> <span class='ocrx_word' id='word_1_28' title='bbox 560 2166 643 2240; x_wconf 86' lang='lat' dir='ltr'><strong>estis,</strong></span> <span class='ocrx_word' id='word_1_29' title='bbox 665 2163 838 2245; x_wconf 80' lang='lat' dir='ltr'><strong>plurumum</strong></span> <span class='ocrx_word' id='word_1_30' title='bbox 856 2165 971 2226; x_wconf 90' lang='lat' dir='ltr'><strong>timoris</strong></span> <span class='ocrx_word' id='word_1_31' title='bbox 991 2167 1065 2228; x_wconf 92' lang='lat' dir='ltr'><strong>mihi</strong></span> <span class='ocrx_word' id='word_1_32' title='bbox 1084 2165 1196 2230; x_wconf 76' lang='lat' dir='ltr'><strong>iaciunt</strong></span> 
     </span>
     <span class='ocr_line' id='line_1_8' title="bbox 136 2249 1194 2331; baseline -0.001 -17"><span class='ocrx_word' id='word_1_33' title='bbox 136 2253 294 2314; x_wconf 84' lang='lat' dir='ltr'><strong>advorsum</strong></span> <span class='ocrx_word' id='word_1_34' title='bbox 307 2251 492 2331; x_wconf 77' lang='lat' dir='ltr'><strong>tyrannidem</strong></span> <span class='ocrx_word' id='word_1_35' title='bbox 507 2249 539 2312; x_wconf 95' lang='lat' dir='ltr'><strong>L.</strong></span> <span class='ocrx_word' id='word_1_36' title='bbox 556 2249 667 2324; x_wconf 86' lang='lat' dir='ltr'><strong>Sullae,</strong></span> <span class='ocrx_word' id='word_1_37' title='bbox 684 2269 730 2324; x_wconf 90' lang='lat' dir='ltr'><strong>ne,</strong></span> <span class='ocrx_word' id='word_1_38' title='bbox 748 2270 823 2331; x_wconf 86' lang='lat' dir='ltr'><strong>quae</strong></span> <span class='ocrx_word' id='word_1_39' title='bbox 837 2251 894 2330; x_wconf 89' lang='lat' dir='ltr'><strong>ipsi</strong></span> <span class='ocrx_word' id='word_1_40' title='bbox 908 2251 1033 2312; x_wconf 81' lang='lat' dir='ltr'><strong>nefanda</strong></span> <span class='ocrx_word' id='word_1_41' title='bbox 1048 2257 1194 2313; x_wconf 85' lang='lat' dir='ltr'><strong>aestuma-</strong></span> 
     </span>
     <span class='ocr_line' id='line_1_9' title="bbox 135 2334 1195 2416; baseline 0.001 -19"><span class='ocrx_word' id='word_1_42' title='bbox 135 2337 189 2410; x_wconf 86' lang='lat' dir='ltr'><strong>tis‚</strong></span> <span class='ocrx_word' id='word_1_43' title='bbox 210 2355 245 2398; x_wconf 90' lang='lat' dir='ltr'><strong>ea</strong></span> <span class='ocrx_word' id='word_1_44' title='bbox 258 2353 363 2415; x_wconf 91' lang='lat' dir='ltr'><strong>parum</strong></span> <span class='ocrx_word' id='word_1_45' title='bbox 378 2335 527 2397; x_wconf 85' lang='lat' dir='ltr'><strong>credundo</strong></span> <span class='ocrx_word' id='word_1_46' title='bbox 543 2335 578 2396; x_wconf 89' lang='lat' dir='ltr'><strong>de</strong></span> <span class='ocrx_word' id='word_1_47' title='bbox 594 2334 657 2396; x_wconf 91' lang='lat' dir='ltr'><strong>aliis</strong></span> <span class='ocrx_word' id='word_1_48' title='bbox 671 2335 940 2398; x_wconf 81' lang='lat' dir='ltr'><strong>circumveniamini</strong></span> <span class='ocrx_word' id='word_1_49' title='bbox 962 2369 1003 2380; x_wconf 93' lang='lat'><em>-</em></span> <span class='ocrx_word' id='word_1_50' title='bbox 1022 2335 1195 2416; x_wconf 87' lang='lat' dir='ltr'><strong>praesertim</strong></span> 
     </span>
    </p>

    <p class='ocr_par' dir='ltr' id='par_1_5' title="bbox 98 2419 1229 2839">
     <span class='ocr_line' id='line_1_10' title="bbox 98 2419 1195 2500; baseline 0 -18"><span class='ocrx_word' id='word_1_51' title='bbox 98 2433 114 2482; x_wconf 85' lang='lat'><strong>5</strong></span> <span class='ocrx_word' id='word_1_52' title='bbox 137 2441 205 2484; x_wconf 89' lang='lat' dir='ltr'><strong>oum</strong></span> <span class='ocrx_word' id='word_1_53' title='bbox 225 2420 266 2482; x_wconf 92' lang='lat' dir='ltr'><strong>illi</strong></span> <span class='ocrx_word' id='word_1_54' title='bbox 286 2439 355 2500; x_wconf 88' lang='lat' dir='ltr'><strong>spes</strong></span> <span class='ocrx_word' id='word_1_55' title='bbox 376 2421 472 2481; x_wconf 87' lang='lat' dir='ltr'><strong>omnis</strong></span> <span class='ocrx_word' id='word_1_56' title='bbox 490 2419 645 2482; x_wconf 88' lang='lat' dir='ltr'><strong>inscelere</strong></span> <span class='ocrx_word' id='word_1_57' title='bbox 661 2428 748 2500; x_wconf 87' lang='lat' dir='ltr'><strong>atque</strong></span> <span class='ocrx_word' id='word_1_58' title='bbox 762 2420 884 2500; x_wconf 87' lang='lat' dir='ltr'><strong>perfidia</strong></span> <span class='ocrx_word' id='word_1_59' title='bbox 899 2421 938 2482; x_wconf 91' lang='lat' dir='ltr'><strong>sit</strong></span> <span class='ocrx_word' id='word_1_60' title='bbox 952 2437 1049 2500; x_wconf 85' lang='lat' dir='ltr'><strong>nequo</strong></span> <span class='ocrx_word' id='word_1_61' title='bbox 1065 2440 1097 2482; x_wconf 89' lang='lat' dir='ltr'><strong>se</strong></span> <span class='ocrx_word' id='word_1_62' title='bbox 1112 2419 1195 2482; x_wconf 88' lang='lat' dir='ltr'><strong>aliter</strong></span> 
     </span>
     <span class='ocr_line' id='line_1_11' title="bbox 133 2503 1193 2586; baseline -0.001 -19"><span class='ocrx_word' id='word_1_63' title='bbox 133 2512 233 2570; x_wconf 91' lang='lat' dir='ltr'><strong>tutum</strong></span> <span class='ocrx_word' id='word_1_64' title='bbox 248 2512 345 2586; x_wconf 88' lang='lat' dir='ltr'><strong>putet,</strong></span> <span class='ocrx_word' id='word_1_65' title='bbox 363 2524 452 2584; x_wconf 90' lang='lat' dir='ltr'><strong>quam</strong></span> <span class='ocrx_word' id='word_1_66' title='bbox 466 2505 492 2565; x_wconf 92' lang='lat' dir='ltr'><strong>si</strong></span> <span class='ocrx_word' id='word_1_67' title='bbox 505 2505 590 2584; x_wconf 87' lang='lat' dir='ltr'><strong>peior</strong></span> <span class='ocrx_word' id='word_1_68' title='bbox 604 2511 692 2584; x_wconf 88' lang='lat' dir='ltr'><strong>atque</strong></span> <span class='ocrx_word' id='word_1_69' title='bbox 706 2505 900 2567; x_wconf 84' lang='lat' dir='ltr'><strong>intestabilior</strong></span> <span class='ocrx_word' id='word_1_70' title='bbox 914 2511 997 2565; x_wconf 87' lang='lat' dir='ltr'><strong>metu</strong></span> <span class='ocrx_word' id='word_1_71' title='bbox 1012 2511 1111 2566; x_wconf 86' lang='lat' dir='ltr'><strong>vostro</strong></span> <span class='ocrx_word' id='word_1_72' title='bbox 1127 2503 1193 2566; x_wconf 91' lang='lat' dir='ltr'><strong>Iue-</strong></span> 
     </span>
     <span class='ocr_line' id='line_1_12' title="bbox 132 2587 1193 2670; baseline -0.002 -18"><span class='ocrx_word' id='word_1_73' title='bbox 132 2592 182 2665; x_wconf 88' lang='lat' dir='ltr'><strong>rit,</strong></span> <span class='ocrx_word' id='word_1_74' title='bbox 195 2610 253 2670; x_wconf 83' lang='lat' dir='ltr'><strong>quo</strong></span> <span class='ocrx_word' id='word_1_75' title='bbox 265 2591 358 2670; x_wconf 87' lang='lat' dir='ltr'><strong>captis</strong></span> <span class='ocrx_word' id='word_1_76' title='bbox 369 2589 511 2650; x_wconf 88' lang='lat' dir='ltr'><strong>libertatis</strong></span> <span class='ocrx_word' id='word_1_77' title='bbox 520 2607 621 2652; x_wconf 90' lang='lat' dir='ltr'><strong>curam</strong></span> <span class='ocrx_word' id='word_1_78' title='bbox 629 2589 866 2650; x_wconf 83' lang='lat' dir='ltr'><strong>miseriaeximat</strong></span> <span class='ocrx_word' id='word_1_79' title='bbox 874 2622 918 2632; x_wconf 90' lang='lat'><strong>—</strong></span> <span class='ocrx_word' id='word_1_80' title='bbox 926 2596 985 2662; x_wconf 89' lang='lat' dir='ltr'><strong>aut,</strong></span> <span class='ocrx_word' id='word_1_81' title='bbox 998 2590 1023 2650; x_wconf 92' lang='lat' dir='ltr'><strong>si</strong></span> <span class='ocrx_word' id='word_1_82' title='bbox 1030 2587 1193 2668; x_wconf 89' lang='lat' dir='ltr'><strong>provideri·</strong></span> 
     </span>
     <span class='ocr_line' id='line_1_13' title="bbox 131 2673 1229 2753; baseline 0 -17"><span class='ocrx_word' id='word_1_83' title='bbox 131 2675 186 2750; x_wconf 88' lang='lat' dir='ltr'><strong>tis,</strong></span> <span class='ocrx_word' id='word_1_84' title='bbox 207 2677 239 2736; x_wconf 91' lang='lat' dir='ltr'><strong>in</strong></span> <span class='ocrx_word' id='word_1_85' title='bbox 256 2674 382 2736; x_wconf 86' lang='lat' dir='ltr'><strong>vitandis</strong></span> <span class='ocrx_word' id='word_1_86' title='bbox 396 2673 534 2753; x_wconf 89' lang='lat' dir='ltr'><strong>perieulis</strong></span> <span class='ocrx_word' id='word_1_87' title='bbox 549 2673 641 2753; x_wconf 82' lang='lat' dir='ltr'><strong>magis</strong></span> <span class='ocrx_word' id='word_1_88' title='bbox 657 2693 746 2752; x_wconf 86' lang='lat' dir='ltr'><strong>quam</strong></span> <span class='ocrx_word' id='word_1_89' title='bbox 761 2673 928 2734; x_wconf 82' lang='lat' dir='ltr'><strong>ulciscendo</strong></span> <span class='ocrx_word' id='word_1_90' title='bbox 943 2673 1113 2735; x_wconf 77' lang='lat' dir='ltr'><strong>teneamini·</strong></span> <span class='ocrx_word' id='word_1_91' title='bbox 1144 2691 1193 2734; x_wconf 91' lang='lat' dir='ltr'><strong>sa·</strong></span> <span class='ocrx_word' id='word_1_92' title='bbox 1214 2683 1229 2736; x_wconf 84' lang='lat'>2</span> 
     </span>
     <span class='ocr_line' id='line_1_14' title="bbox 130 2755 1193 2839; baseline -0.001 -19"><span class='ocrx_word' id='word_1_93' title='bbox 130 2759 238 2820; x_wconf 89' lang='lat' dir='ltr'><strong>tellites</strong></span> <span class='ocrx_word' id='word_1_94' title='bbox 254 2758 373 2839; x_wconf 88' lang='lat' dir='ltr'><strong>quidem</strong></span> <span class='ocrx_word' id='word_1_95' title='bbox 388 2759 460 2831; x_wconf 92' lang='lat' dir='ltr'><strong>eius,</strong></span> <span class='ocrx_word' id='word_1_96' title='bbox 475 2757 610 2820; x_wconf 91' lang='lat' dir='ltr'><strong>homines</strong></span> <span class='ocrx_word' id='word_1_97' title='bbox 625 2758 757 2819; x_wconf 83' lang='lat' dir='ltr'><strong>maxumi</strong></span> <span class='ocrx_word' id='word_1_98' title='bbox 764 2757 893 2818; x_wconf 92' lang='lat' dir='ltr'><strong>nominis</strong></span> <span class='ocrx_word' id='word_1_99' title='bbox 905 2759 1035 2838; x_wconf 89' lang='lat' dir='ltr'><strong>optumis</strong></span> <span class='ocrx_word' id='word_1_100' title='bbox 1046 2755 1193 2819; x_wconf 86' lang='lat' dir='ltr'><strong>maiorum</strong></span> 
     </span>
    </p>

    <p class='ocr_par' dir='ltr' id='par_1_6' title="bbox 80 2839 1191 3007">
     <span class='ocr_line' id='line_1_15' title="bbox 80 2839 1191 2926; baseline 0 -25"><span class='ocrx_word' id='word_1_101' title='bbox 80 2852 113 2902; x_wconf 87' lang='lat'><strong>10</strong></span> <span class='ocrx_word' id='word_1_102' title='bbox 131 2844 282 2926; x_wconf 84' lang='lat' dir='ltr'><strong>exemplis,</strong></span> <span class='ocrx_word' id='word_1_103' title='bbox 297 2861 413 2924; x_wconf 89' lang='lat' dir='ltr'><strong>nequeo</strong></span> <span class='ocrx_word' id='word_1_104' title='bbox 428 2843 500 2904; x_wconf 91' lang='lat' dir='ltr'><strong>satis</strong></span> <span class='ocrx_word' id='word_1_105' title='bbox 516 2842 627 2916; x_wconf 86' lang='lat' dir='ltr'><strong>mirari,</strong></span> <span class='ocrx_word' id='word_1_106' title='bbox 644 2843 693 2922; x_wconf 89' lang='lat' dir='ltr'><strong>qui</strong></span> <span class='ocrx_word' id='word_1_107' title='bbox 708 2842 917 2904; x_wconf 88' lang='lat' dir='ltr'><strong>dominationis</strong></span> <span class='ocrx_word' id='word_1_108' title='bbox 933 2843 963 2904; x_wconf 92' lang='lat' dir='ltr'><strong>in</strong></span> <span class='ocrx_word' id='word_1_109' title='bbox 975 2861 1027 2903; x_wconf 84' lang='lat' dir='ltr'><strong>vos</strong></span> <span class='ocrx_word' id='word_1_110' title='bbox 1040 2839 1191 2904; x_wconf 84' lang='lat' dir='ltr'><strong>servitium</strong></span> 
     </span>
     <span class='ocr_line' id='line_1_16' title="bbox 131 2925 1190 3007; baseline -0.003 -16"><span class='ocrx_word' id='word_1_111' title='bbox 131 2947 220 2991; x_wconf 89' lang='lat' dir='ltr'><strong>suum</strong></span> <span class='ocrx_word' id='word_1_112' title='bbox 241 2929 409 2990; x_wconf 87' lang='lat' dir='ltr'><strong>mercedem</strong></span> <span class='ocrx_word' id='word_1_113' title='bbox 430 2927 501 2989; x_wconf 89' lang='lat' dir='ltr'><strong>dant</strong></span> <span class='ocrx_word' id='word_1_114' title='bbox 520 2934 551 2988; x_wconf 85' lang='lat' dir='ltr'><strong>et</strong></span> <span class='ocrx_word' id='word_1_115' title='bbox 569 2933 730 3007; x_wconf 85' lang='lat' dir='ltr'><strong>utrumque</strong></span> <span class='ocrx_word' id='word_1_116' title='bbox 750 2945 804 3006; x_wconf 90' lang='lat' dir='ltr'><strong>per</strong></span> <span class='ocrx_word' id='word_1_117' title='bbox 819 2927 957 2988; x_wconf 90' lang='lat' dir='ltr'><strong>iniuriam</strong></span> <span class='ocrx_word' id='word_1_118' title='bbox 971 2925 1086 2988; x_wconf 87' lang='lat' dir='ltr'><strong>malunt</strong></span> <span class='ocrx_word' id='word_1_119' title='bbox 1101 2928 1190 3007; x_wconf 84' lang='lat' dir='ltr'><strong>quam</strong></span> 
     </span>
    </p>
   </div>
   <div class='ocr_carea' id='block_1_5' title="bbox 76 3009 1229 3598">
    <p class='ocr_par' dir='ltr' id='par_1_7' title="bbox 76 3009 1229 3598">
     <span class='ocr_line' id='line_1_17' title="bbox 131 3009 1228 3094; baseline 0 -20"><span class='ocrx_word' id='word_1_120' title='bbox 131 3020 254 3094; x_wconf 90' lang='lat' dir='ltr'><strong>optumo</strong></span> <span class='ocrx_word' id='word_1_121' title='bbox 269 3013 333 3074; x_wconf 89' lang='lat' dir='ltr'><strong>iure</strong></span> <span class='ocrx_word' id='word_1_122' title='bbox 347 3011 431 3074; x_wconf 87' lang='lat' dir='ltr'><strong>liberi</strong></span> <span class='ocrx_word' id='word_1_123' title='bbox 446 3030 539 3091; x_wconf 83' lang='lat' dir='ltr'><strong>agere,</strong></span> <span class='ocrx_word' id='word_1_124' title='bbox 556 3011 702 3091; x_wconf 88' lang='lat' dir='ltr'><strong>praeclara</strong></span> <span class='ocrx_word' id='word_1_125' title='bbox 716 3013 879 3074; x_wconf 85' lang='lat' dir='ltr'><strong>Brutorum</strong></span> <span class='ocrx_word' id='word_1_126' title='bbox 894 3018 982 3092; x_wconf 88' lang='lat' dir='ltr'><strong>atque</strong></span> <span class='ocrx_word' id='word_1_127' title='bbox 997 3009 1190 3074; x_wconf 80' lang='lat' dir='ltr'><strong>Aemiliorum</strong></span> <span class='ocrx_word' id='word_1_128' title='bbox 1213 3025 1228 3074; x_wconf 86' lang='lat'>3</span> 
     </span>
     <span class='ocr_line' id='line_1_18' title="bbox 130 3095 1189 3178; baseline -0.002 -21"><span class='ocrx_word' id='word_1_129' title='bbox 130 3105 160 3158; x_wconf 92' lang='lat' dir='ltr'><strong>et</strong></span> <span class='ocrx_word' id='word_1_130' title='bbox 173 3097 358 3159; x_wconf 85' lang='lat' dir='ltr'><strong>Lutatiorum</strong></span> <span class='ocrx_word' id='word_1_131' title='bbox 373 3098 479 3178; x_wconf 86' lang='lat' dir='ltr'><strong>proles,</strong></span> <span class='ocrx_word' id='word_1_132' title='bbox 491 3096 582 3176; x_wconf 86' lang='lat' dir='ltr'><strong>geniti</strong></span> <span class='ocrx_word' id='word_1_133' title='bbox 593 3095 630 3156; x_wconf 90' lang='lat' dir='ltr'><strong>a&#39;d</strong></span> <span class='ocrx_word' id='word_1_134' title='bbox 641 3114 684 3170; x_wconf 91' lang='lat' dir='ltr'><strong>ea,</strong></span> <span class='ocrx_word' id='word_1_135' title='bbox 697 3114 772 3176; x_wconf 89' lang='lat' dir='ltr'><strong>quae</strong></span> <span class='ocrx_word' id='word_1_136' title='bbox 783 3097 909 3158; x_wconf 92' lang='lat' dir='ltr'><strong>maiores</strong></span> <span class='ocrx_word' id='word_1_137' title='bbox 921 3097 1028 3158; x_wconf 87' lang='lat' dir='ltr'><strong>virtute</strong></span> <span class='ocrx_word' id='word_1_138' title='bbox 1039 3113 1189 3177; x_wconf 88' lang='lat' dir='ltr'><strong>peperere,</strong></span> 
     </span>
     <span class='ocr_line' id='line_1_19' title="bbox 129 3179 1229 3260; baseline 0 -18"><span class='ocrx_word' id='word_1_139' title='bbox 129 3181 339 3244; x_wconf 87' lang='lat' dir='ltr'><strong>subvortunda.</strong></span> <span class='ocrx_word' id='word_1_140' title='bbox 368 3199 438 3243; x_wconf 90' lang='lat' dir='ltr'><strong>nam</strong></span> <span class='ocrx_word' id='word_1_141' title='bbox 454 3181 523 3260; x_wconf 91' lang='lat' dir='ltr'><strong>quid</strong></span> <span class='ocrx_word' id='word_1_142' title='bbox 538 3200 555 3242; x_wconf 94' lang='lat' dir='ltr'><strong>a</strong></span> <span class='ocrx_word' id='word_1_143' title='bbox 569 3179 683 3260; x_wconf 80' lang='lat' dir='ltr'><strong>Pyrrho</strong></span> <span class='ocrx_word' id='word_1_144' title='bbox 698 3180 859 3242; x_wconf 86' lang='lat' dir='ltr'><strong>Hannibale</strong></span> <span class='ocrx_word' id='word_1_145' title='bbox 875 3181 1071 3260; x_wconf 87' lang='lat' dir='ltr'><strong>Philippoque</strong></span> <span class='ocrx_word' id='word_1_146' title='bbox 1087 3188 1117 3242; x_wconf 92' lang='lat' dir='ltr'><strong>et</strong></span> <span class='ocrx_word' id='word_1_147' title='bbox 1127 3182 1189 3241; x_wconf 80' lang='lat' dir='ltr'><strong>An·</strong></span> <span class='ocrx_word' id='word_1_148' title='bbox 1212 3192 1229 3242; x_wconf 83' lang='lat'>4</span> 
     </span>
     <span class='ocr_line' id='line_1_20' title="bbox 76 3264 1188 3344; baseline -0.002 -17"><span class='ocrx_word' id='word_1_149' title='bbox 76 3269 110 3320; x_wconf 84' lang='lat'><strong>15</strong></span> <span class='ocrx_word' id='word_1_150' title='bbox 127 3265 227 3328; x_wconf 90' lang='lat' dir='ltr'><strong>tiocbo</strong></span> <span class='ocrx_word' id='word_1_151' title='bbox 246 3267 401 3328; x_wconf 88' lang='lat' dir='ltr'><strong>defensum</strong></span> <span class='ocrx_word' id='word_1_152' title='bbox 421 3273 468 3327; x_wconf 91' lang='lat' dir='ltr'><strong>est</strong></span> <span class='ocrx_word' id='word_1_153' title='bbox 486 3264 564 3326; x_wconf 90' lang='lat' dir='ltr'><strong>aliud</strong></span> <span class='ocrx_word' id='word_1_154' title='bbox 584 3284 673 3344; x_wconf 90' lang='lat' dir='ltr'><strong>quam</strong></span> <span class='ocrx_word' id='word_1_155' title='bbox 692 3265 812 3328; x_wconf 80' lang='lat' dir='ltr'><strong>libertas</strong></span> <span class='ocrx_word' id='word_1_156' title='bbox 832 3273 862 3326; x_wconf 90' lang='lat' dir='ltr'><strong>et</strong></span> <span class='ocrx_word' id='word_1_157' title='bbox 883 3285 953 3327; x_wconf 90' lang='lat' dir='ltr'><strong>suae</strong></span> <span class='ocrx_word' id='word_1_158' title='bbox 969 3265 1075 3344; x_wconf 85' lang='lat' dir='ltr'><strong>cuique</strong></span> <span class='ocrx_word' id='word_1_159' title='bbox 1095 3265 1188 3336; x_wconf 90' lang='lat' dir='ltr'><strong>sedes,</strong></span> 
     </span>
     <span class='ocr_line' id='line_1_21' title="bbox 127 3347 1228 3430; baseline -0.002 -20"><span class='ocrx_word' id='word_1_160' title='bbox 127 3367 187 3412; x_wconf 91' lang='lat' dir='ltr'><strong>neu</strong></span> <span class='ocrx_word' id='word_1_161' title='bbox 208 3352 255 3412; x_wconf 91' lang='lat' dir='ltr'><strong>cui</strong></span> <span class='ocrx_word' id='word_1_162' title='bbox 273 3351 331 3412; x_wconf 88' lang='lat' dir='ltr'><strong>nisi</strong></span> <span class='ocrx_word' id='word_1_163' title='bbox 350 3351 463 3430; x_wconf 81' lang='lat' dir='ltr'><strong>legibus</strong></span> <span class='ocrx_word' id='word_1_164' title='bbox 483 3347 678 3430; x_wconf 77' lang='lat' dir='ltr'><strong>pareremus?</strong></span> <span class='ocrx_word' id='word_1_165' title='bbox 698 3369 773 3430; x_wconf 87' lang='lat' dir='ltr'><strong>quae</strong></span> <span class='ocrx_word' id='word_1_166' title='bbox 796 3355 901 3410; x_wconf 90' lang='lat' dir='ltr'><strong>cuncta</strong></span> <span class='ocrx_word' id='word_1_167' title='bbox 922 3365 1043 3410; x_wconf 88' lang='lat' dir='ltr'><strong>scaevus</strong></span> <span class='ocrx_word' id='word_1_168' title='bbox 1057 3348 1113 3408; x_wconf 89' lang='lat' dir='ltr'><strong>iste</strong></span> <span class='ocrx_word' id='word_1_169' title='bbox 1128 3348 1189 3408; x_wconf 90' lang='lat' dir='ltr'><strong>Ro·</strong></span> <span class='ocrx_word' id='word_1_170' title='bbox 1213 3360 1228 3408; x_wconf 74' lang='grc' dir='ltr'>ὁ</span> 
     </span>
     <span class='ocr_line' id='line_1_22' title="bbox 127 3431 1191 3516; baseline -0.004 -20"><span class='ocrx_word' id='word_1_171' title='bbox 127 3436 226 3497; x_wconf 90' lang='lat' dir='ltr'><strong>mulus</strong></span> <span class='ocrx_word' id='word_1_172' title='bbox 247 3437 331 3516; x_wconf 87' lang='lat' dir='ltr'><strong>quasi</strong></span> <span class='ocrx_word' id='word_1_173' title='bbox 351 3435 387 3496; x_wconf 90' lang='lat' dir='ltr'><strong>ab</strong></span> <span class='ocrx_word' id='word_1_174' title='bbox 406 3433 536 3495; x_wconf 83' lang='lat' dir='ltr'><strong>externis</strong></span> <span class='ocrx_word' id='word_1_175' title='bbox 552 3441 636 3514; x_wconf 90' lang='lat' dir='ltr'><strong>rapta</strong></span> <span class='ocrx_word' id='word_1_176' title='bbox 656 3440 753 3507; x_wconf 90' lang='lat' dir='ltr'><strong>tenet,</strong></span> <span class='ocrx_word' id='word_1_177' title='bbox 775 3451 837 3493; x_wconf 88' lang='lat' dir='ltr'><strong>non</strong></span> <span class='ocrx_word' id='word_1_178' title='bbox 851 3441 897 3494; x_wconf 91' lang='lat' dir='ltr'><strong>tot</strong></span> <span class='ocrx_word' id='word_1_179' title='bbox 913 3432 1095 3494; x_wconf 85' lang='lat' dir='ltr'><strong>exercituum</strong></span> <span class='ocrx_word' id='word_1_180' title='bbox 1110 3431 1191 3492; x_wconf 92' lang='lat' dir='ltr'><strong>clade</strong></span> 
     </span>
     <span class='ocr_line' id='line_1_23' title="bbox 126 3515 1190 3598; baseline -0.002 -20"><span class='ocrx_word' id='word_1_181' title='bbox 126 3536 223 3598; x_wconf 88' lang='lat' dir='ltr'><strong>neque</strong></span> <span class='ocrx_word' id='word_1_182' title='bbox 239 3519 394 3582; x_wconf 89' lang='lat' dir='ltr'><strong>consulum</strong></span> <span class='ocrx_word' id='word_1_183' title='bbox 413 3527 444 3580; x_wconf 89' lang='lat' dir='ltr'><strong>et</strong></span> <span class='ocrx_word' id='word_1_184' title='bbox 458 3519 584 3580; x_wconf 91' lang='lat' dir='ltr'><strong>aliorum</strong></span> <span class='ocrx_word' id='word_1_185' title='bbox 603 3517 784 3598; x_wconf 89' lang='lat' dir='ltr'><strong>principum,</strong></span> <span class='ocrx_word' id='word_1_186' title='bbox 808 3535 882 3597; x_wconf 86' lang='lat' dir='ltr'><strong>quos</strong></span> <span class='ocrx_word' id='word_1_187' title='bbox 898 3515 1018 3578; x_wconf 86' lang='lat' dir='ltr'><strong>fortuna</strong></span> <span class='ocrx_word' id='word_1_188' title='bbox 1033 3515 1100 3576; x_wconf 88' lang='lat' dir='ltr'><strong>belli</strong></span> <span class='ocrx_word' id='word_1_189' title='bbox 1119 3534 1190 3578; x_wconf 92' lang='lat' dir='ltr'><strong>con-</strong></span> 
     </span>
    </p>
   </div>
   <div class='ocr_carea' id='block_1_6' title="bbox 197 3684 1234 3755">
    <p class='ocr_par' dir='ltr' id='par_1_8' title="bbox 197 3684 1234 3755">
     <span class='ocr_line' id='line_1_24' title="bbox 197 3684 1234 3755; baseline 0.001 -5"><span class='ocrx_word' id='word_1_190' title='bbox 197 3684 219 3750; x_wconf 72' lang='lat' dir='ltr'><strong>(l</strong></span> <span class='ocrx_word' id='word_1_191' title='bbox 234 3737 241 3750; x_wconf 94' lang='lat'><strong>.</strong></span> <span class='ocrx_word' id='word_1_192' title='bbox 257 3699 358 3752; x_wconf 87' lang='lat' dir='ltr'><strong>ClllSPl</strong></span> <span class='ocrx_word' id='word_1_193' title='bbox 375 3740 381 3752; x_wconf 95' lang='lat'>.</span> <span class='ocrx_word' id='word_1_194' title='bbox 395 3699 554 3755; x_wconf 84' lang='lat' dir='ltr'><strong>SALLVSTI</strong></span> <span class='ocrx_word' id='word_1_195' title='bbox 566 3739 573 3752; x_wconf 92' lang='grc'><strong>.</strong></span> <span class='ocrx_word' id='word_1_196' title='bbox 587 3701 777 3754; x_wconf 75' lang='grc' dir='ltr'>ΟΗΑΤΙΟΝΕὸ</span> <span class='ocrx_word' id='word_1_197' title='bbox 789 3740 795 3754; x_wconf 93' lang='grc'><strong>.</strong></span> <span class='ocrx_word' id='word_1_198' title='bbox 808 3697 987 3753; x_wconf 77' lang='lat' dir='ltr'><strong>nxcnnPTn</strong></span> <span class='ocrx_word' id='word_1_199' title='bbox 999 3699 1043 3750; x_wconf 83' lang='lat' dir='ltr'><strong>DE</strong></span> <span class='ocrx_word' id='word_1_200' title='bbox 1055 3699 1168 3752; x_wconf 82' lang='lat' dir='ltr'><strong>BELLlS</strong></span> <span class='ocrx_word' id='word_1_201' title='bbox 1183 3737 1190 3753; x_wconf 90' lang='lat'><strong>.</strong></span> <span class='ocrx_word' id='word_1_202' title='bbox 1231 3701 1234 3704; x_wconf 83' lang='grc'><strong>’</strong></span> 
     </span>
    </p>
   </div>
   <div class='ocr_carea' id='block_1_7' title="bbox 124 3769 1189 3906">
    <p class='ocr_par' dir='ltr' id='par_1_9' title="bbox 124 3769 1189 3906">
     <span class='ocr_line' id='line_1_25' title="bbox 125 3769 1189 3838; baseline 0.002 -6"><span class='ocrx_word' id='word_1_203' title='bbox 125 3781 279 3833; x_wconf 83' lang='lat' dir='ltr'><strong>nxrmcir</strong></span> <span class='ocrx_word' id='word_1_204' title='bbox 297 3821 303 3834; x_wconf 95' lang='lat'><strong><em>.</em></strong></span> <span class='ocrx_word' id='word_1_205' title='bbox 319 3783 492 3836; x_wconf 84' lang='lat' dir='ltr'><strong>rnncrrna</strong></span> <span class='ocrx_word' id='word_1_206' title='bbox 505 3823 511 3836; x_wconf 94' lang='lat'>.</span> <span class='ocrx_word' id='word_1_207' title='bbox 525 3769 543 3836; x_wconf 75' lang='grc' dir='ltr'>ἔ</span> <span class='ocrx_word' id='word_1_208' title='bbox 556 3824 562 3837; x_wconf 94' lang='grc'><strong>.</strong></span> <span class='ocrx_word' id='word_1_209' title='bbox 577 3785 677 3836; x_wconf 82' lang='lat' dir='ltr'><strong>camsi</strong></span> <span class='ocrx_word' id='word_1_210' title='bbox 689 3823 696 3836; x_wconf 90' lang='lat'><strong>.</strong></span> <span class='ocrx_word' id='word_1_211' title='bbox 710 3783 870 3838; x_wconf 79' lang='lat' dir='ltr'><strong>sannvsrr</strong></span> <span class='ocrx_word' id='word_1_212' title='bbox 883 3822 889 3835; x_wconf 92' lang='lat'><strong>.</strong></span> <span class='ocrx_word' id='word_1_213' title='bbox 904 3783 1094 3835; x_wconf 72' lang='lat' dir='ltr'><strong>cannones</strong></span> <span class='ocrx_word' id='word_1_214' title='bbox 1107 3823 1113 3836; x_wconf 89' lang='lat'><em>.</em></span> <span class='ocrx_word' id='word_1_215' title='bbox 1128 3785 1189 3834; x_wconf 86' lang='lat' dir='ltr'><strong>nx-</strong></span> 
     </span>
     <span class='ocr_line' id='line_1_26' title="bbox 124 3848 1189 3906; baseline 0.004 -8"><span class='ocrx_word' id='word_1_216' title='bbox 124 3848 1189 3906; x_wconf 77' lang='lat' dir='ltr'><strong>cremnonmsromrs.murmremurmoalrronarim.cous</strong></span> 
     </span>
    </p>
   </div>
   <div class='ocr_carea' id='block_1_8' title="bbox 110 3919 1188 4140">
    <p class='ocr_par' dir='ltr' id='par_1_10' title="bbox 110 3919 1188 4140">
     <span class='ocr_line' id='line_1_27' title="bbox 123 3919 1188 4006; baseline 0.002 -24"><span class='ocrx_word' id='word_1_217' title='bbox 123 3932 169 3982; x_wconf 79' lang='lat' dir='ltr'><strong>AB</strong></span> <span class='ocrx_word' id='word_1_218' title='bbox 183 3971 189 3984; x_wconf 89' lang='lat'><em>.</em></span> <span class='ocrx_word' id='word_1_219' title='bbox 203 3919 242 3985; x_wconf 66' lang='lat'><strong>15.</strong></span> <span class='ocrx_word' id='word_1_220' title='bbox 253 3921 278 3984; x_wconf 73' lang='lat' dir='ltr'>R</span> <span class='ocrx_word' id='word_1_221' title='bbox 289 3934 328 3986; x_wconf 85' lang='lat' dir='ltr'><strong>V:</strong></span> <span class='ocrx_word' id='word_1_222' title='bbox 340 3935 371 3985; x_wconf 84' lang='lat' dir='ltr'><strong>de</strong></span> <span class='ocrx_word' id='word_1_223' title='bbox 381 3937 470 3988; x_wconf 77' lang='lat' dir='ltr'><strong>ordino</strong></span> <span class='ocrx_word' id='word_1_224' title='bbox 481 3941 627 3988; x_wconf 68' lang='lat' dir='ltr'><strong>dromonum</strong></span> <span class='ocrx_word' id='word_1_225' title='bbox 636 3943 662 3988; x_wconf 87' lang='lat' dir='ltr'><strong>et</strong></span> <span class='ocrx_word' id='word_1_226' title='bbox 671 3939 842 4006; x_wconf 75' lang='lat' dir='ltr'><strong>epistularum</strong></span> <span class='ocrx_word' id='word_1_227' title='bbox 854 3953 867 3988; x_wconf 87' lang='lat' dir='ltr'><strong>e</strong></span> <span class='ocrx_word' id='word_1_228' title='bbox 884 3973 890 3987; x_wconf 88' lang='lat'><strong>.</strong></span> <span class='ocrx_word' id='word_1_229' title='bbox 902 3936 969 3988; x_wconf 80' lang='lat' dir='ltr'><strong>Mus.</strong></span> <span class='ocrx_word' id='word_1_230' title='bbox 979 3937 1028 3987; x_wconf 83' lang='lat' dir='ltr'><strong>lib.</strong></span> <span class='ocrx_word' id='word_1_231' title='bbox 1038 3935 1083 3985; x_wconf 88' lang='lat' dir='ltr'><strong>ool.</strong></span> <span class='ocrx_word' id='word_1_232' title='bbox 1091 3934 1188 3986; x_wconf 85' lang='lat' dir='ltr'><em>XVIII</em></span> 
     </span>
     <span class='ocr_line' id='line_1_28' title="bbox 120 3937 1184 4124; baseline 0.001 -74"><span class='ocrx_word' id='word_1_233' title='bbox 120 4015 148 4066; x_wconf 82' lang='lat' dir='ltr'><strong>p.</strong></span> <span class='ocrx_word' id='word_1_234' title='bbox 159 4001 212 4051; x_wconf 73' lang='lat'><strong>¹585</strong></span> <span class='ocrx_word' id='word_1_235' title='bbox 223 4005 260 4066; x_wconf 75' lang='lat' dir='ltr'><strong>sq.</strong></span> <span class='ocrx_word' id='word_1_236' title='bbox 273 3999 285 4070; x_wconf 82' lang='grc' dir='ltr'><strong>ΙΙ</strong></span> <span class='ocrx_word' id='word_1_237' title='bbox 297 4002 313 4052; x_wconf 84' lang='grc'>8</span> <span class='ocrx_word' id='word_1_238' title='bbox 330 4003 438 4054; x_wconf 80' lang='lat' dir='ltr'><strong>ciconnis</strong></span> <span class='ocrx_word' id='word_1_239' title='bbox 450 4005 543 4056; x_wconf 79' lang='lat' dir='ltr'><strong>Frano.</strong></span> <span class='ocrx_word' id='word_1_240' title='bbox 555 4005 696 4069; x_wconf 67' lang='lat' dir='ltr'><strong>Amazone,</strong></span> <span class='ocrx_word' id='word_1_241' title='bbox 707 4006 819 4056; x_wconf 87' lang='lat' dir='ltr'><strong>tutandis</strong></span> <span class='ocrx_word' id='word_1_242' title='bbox 831 3937 924 4124; x_wconf 40' lang='grc' dir='ltr'><strong>νόω</strong></span> <span class='ocrx_word' id='word_1_243' title='bbox 935 4018 1040 4054; x_wconf 85' lang='lat' dir='ltr'><strong>scaeuus</strong></span> <span class='ocrx_word' id='word_1_244' title='bbox 1051 4002 1080 4054; x_wconf 86' lang='lat' dir='ltr'><em>V</em></span> <span class='ocrx_word' id='word_1_245' title='bbox 1078 4039 1084 4065; x_wconf 88' lang='lat'>‚</span> <span class='ocrx_word' id='word_1_246' title='bbox 1094 4004 1184 4052; x_wconf 73' lang='lat' dir='ltr'><strong>tuctur</strong></span> 
     </span>
     <span class='ocr_line' id='line_1_29' title="bbox 110 4065 1185 4140; baseline -0.001 -21"><span class='ocrx_word' id='word_1_247' title='bbox 110 4109 111 4112; x_wconf 66' lang='lat'>,</span> <span class='ocrx_word' id='word_1_248' title='bbox 123 4065 195 4120; x_wconf 79' lang='lat' dir='ltr'><strong>Serv.</strong></span> <span class='ocrx_word' id='word_1_249' title='bbox 204 4071 233 4120; x_wconf 80' lang='lat' dir='ltr'><strong>In</strong></span> <span class='ocrx_word' id='word_1_250' title='bbox 245 4068 274 4120; x_wconf 91' lang='lat' dir='ltr'><em>V</em></span> <span class='ocrx_word' id='word_1_251' title='bbox 271 4085 328 4135; x_wconf 78' lang='lat' dir='ltr'><strong>arg.</strong></span> <span class='ocrx_word' id='word_1_252' title='bbox 337 4068 389 4120; x_wconf 75' lang='lat' dir='ltr'><strong>net.</strong></span> <span class='ocrx_word' id='word_1_253' title='bbox 398 4069 424 4137; x_wconf 82' lang='lat'><strong>3,</strong></span> <span class='ocrx_word' id='word_1_254' title='bbox 433 4072 468 4122; x_wconf 79' lang='lat'><strong>13</strong></span> <span class='ocrx_word' id='word_1_255' title='bbox 478 4087 622 4140; x_wconf 80' lang='lat' dir='ltr'><strong>conparans</strong></span> <span class='ocrx_word' id='word_1_256' title='bbox 631 4073 697 4124; x_wconf 68' lang='lat' dir='ltr'><strong>ruod</strong></span> <span class='ocrx_word' id='word_1_257' title='bbox 704 4071 710 4089; x_wconf 88' lang='lat'>‘</span> <span class='ocrx_word' id='word_1_258' title='bbox 712 4089 833 4140; x_wconf 71' lang='lat' dir='ltr'><strong>peruerse</strong></span> <span class='ocrx_word' id='word_1_259' title='bbox 875 4068 985 4135; x_wconf 80' lang='lat' dir='ltr'><strong>eaclca&#39;,</strong></span> <span class='ocrx_word' id='word_1_260' title='bbox 998 4085 1088 4121; x_wconf 85' lang='lat' dir='ltr'><strong>saeuus</strong></span> <span class='ocrx_word' id='word_1_261' title='bbox 1099 4067 1185 4118; x_wconf 78' lang='lat' dir='ltr'><strong>Aldus</strong></span> 
     </span>
    </p>
   </div>
   <div class='ocr_carea' id='block_1_9' title="bbox 0 0 1432 4678">
    <p class='ocr_par' dir='ltr' id='par_1_11' title="bbox 0 0 1432 4678">
     <span class='ocr_line' id='line_1_30' title="bbox 0 0 1432 4678; baseline 0 8"><span class='ocrx_word' id='word_1_262' title='bbox 0 0 1432 4678; x_wconf 95' lang='lat' dir='ltr'><strong> </strong></span> 
     </span>
    </p>
   </div>
  </div>
 </body>
</html>
