2854 4678
477 331 521 383 llll
539 330 644 383 BELLO
663 329 867 384 IUGURTHINO
1144 333 1204 394 107

144 487 195 548 bet
213 494 243 548 et
263 505 300 548 ex
319 485 399 547 illius
414 486 562 548 sententia
581 479 725 547 Numidae
745 485 864 548 insidias
888 485 993 546 tendit.
1029 485 1134 546 deinde
1147 485 1205 546 ‘ubi
1226 499 1241 548 5

145 572 206 632 dies
226 570 343 633 advenit
362 577 393 632 et
412 571 439 631 ei
453 571 623 632 nuntiatum
637 578 683 632 est
696 571 868 650 Iugurtham
882 569 961 632 haud
975 569 1078 651 procul
1092 569 1203 642 abesse,

144 675 213 718 cum
227 655 327 736 paucis
341 655 442 717 amicis
457 662 487 717 et
498 662 652 735 quaestore
664 663 766 716 nostro
778 654 861 732 quasi
872 653 974 716 obuius
985 655 1107 731 honoris
1118 673 1205 717 causa
1242 715 1243 720 ,

143 740 277 820 procedit
291 739 323 800 in
336 741 486 802 tumulum
497 739 684 802 facillumum
703 740 766 800 visu
785 737 997 800 insidiantibus.
1020 740 1126 800 codem
1141 739 1204 801 Nu·
1226 752 1242 803 6

109 839 125 888 5
145 825 225 888 mida
240 842 309 886 oum
322 825 472 904 plerisque
486 825 656 886 necessariis
671 824 732 885 suis
747 823 876 894 inermis,
889 824 933 885 uti
944 823 1055 886 dietum
1068 829 1138 896 crat,
1152 823 1205 884 ad·

144 910 222 972 cedit
240 929 275 970 ac
294 909 395 970 statim
414 909 497 988 signo
518 909 586 970 dato
606 909 736 988 undiquc
756 909 845 969 simul
865 927 900 968 ex
919 907 1030 970 insidiis
1049 907 1204 970 invaditur.

146 993 235 1056 ceteri
255 993 434 1065 obtruncati,
457 993 597 1073 Iugurtha
620 993 716 1055 Sullae
736 993 849 1054 vinctis
873 993 1000 1054 traditur
1015 999 1046 1054 et
1061 992 1096 1054 ab
1112 1011 1147 1054 co
1168 993 1205 1054 ad

145 1079 271 1140 Marium
286 1077 430 1139 deductus
445 1086 499 1138 cst.

228 1162 287 1223 Per
305 1161 384 1225 idem
402 1169 521 1242 tempus
544 1162 700 1224 advorsum
720 1161 817 1223 Gallos
837 1161 874 1223 ab
894 1160 1015 1224 ducibus
1037 1161 1146 1222 nostris
1167 1161 1201 1234 Q.
1213 1165 1275 1226 114

92 1256 125 1306 10
147 1245 292 1326 Caepione
312 1254 341 1308 ct
356 1247 408 1308 Cn.
424 1246 530 1308 Manlio
545 1248 620 1308 male
635 1253 807 1327 pugnatum.
839 1263 897 1326 quo
912 1237 995 1307 metir
1009 1246 1091 1307 ltalia
1107 1246 1203 1307 omnis
1226 1261 1241 1310 2

146 1331 334 1392 contremuit.
363 1331 494 1412 illimque
513 1337 607 1410 usquo
629 1333 665 1393 ad
684 1340 817 1394 nostram
832 1331 1007 1393 memoriam
1022 1331 1148 1394 Romani
1162 1331 1205 1392 sic

146 1416 291 1490 habuere,
314 1416 369 1478 alia
384 1417 484 1478 omnia
498 1415 599 1478 virtuti
613 1435 683 1478 suae
697 1433 791 1496 prona
806 1434 884 1490 esse,
901 1435 969 1478 cum
985 1415 1071 1477 Gallis
1087 1435 1141 1496 pro
1156 1436 1204 1478 sa-

145 1499 205 1562 lute
230 1518 293 1561 non
314 1519 368 1580 pro
388 1500 479 1580 gloria
499 1501 612 1563 certari.
639 1501 691 1562 sed
709 1508 867 1582 postquam
886 1500 997 1562 bellum
1018 1500 1049 1562 in
1068 1499 1205 1562 Numidia
1226 1511 1241 1562 3

144 1584 314 1646 conlectum
328 1592 359 1646 et
372 1585 546 1665 Iugurtham
562 1586 688 1647 Romam
703 1585 835 1646 vinctum
850 1585 954 1647 adduci
968 1586 1137 1648 nuntiatum
1148 1593 1203 1658 est,

91 1677 126 1728 15¹
144 1667 254 1730 Marius
273 1671 376 1730 consul
390 1670 495 1731 absens
508 1671 603 1732 lactus
619 1677 664 1732 est
678 1677 708 1732 et
722 1669 749 1730 ei
764 1670 880 1732 decreta
894 1671 1043 1749 prouincia
1058 1671 1148 1732 Gallia
1163 1671 1203 1731 is-

146 1771 202 1831 que
224 1753 351 1815 calendis
370 1755 512 1816 Ianuariis
532 1773 636 1834 magna
653 1755 744 1834 gloria
762 1755 864 1816 consul
886 1755 1086 1836 triumphavit.
1120 1775 1156 1817 ex
1170 1773 1204 1816 oa
1225 1768 1241 1818 4

144 1844 321 1918 tempestate
335 1857 402 1918 spes
418 1846 505 1918 atque
521 1857 593 1920 opes
609 1840 731 1900 civitatis
746 1839 777 1899 in
791 1839 840 1900 illo
856 1839 937 1902 sitae.

215 2005 227 2052 1
245 2001 316 2054 illius
334 2004 373 2054 ccl
388 2004 477 2056 eiust]
494 2003 504 2072 ΙΙ
527 2005 558 2057 10
577 2007 694 2073 caepione
710 2005 749 2056 cel
759 2006 905 2073 scipioneC
922 2005 933 2076 Ι]
954 2025 996 2073 gn.
1008 2009 1048 2060 cel
1061 2023 1094 2058 m.
1112 2007 1203 2058 manlio

148 2070 176 2134 G,
186 2087 297 2136 quomam
307 2075 419 2140 optimm
431 2088 487 2123 meu
499 2075 535 2138 (a.
554 2091 575 2124 a.
596 2075 664 2139 gnio)
677 2074 795 2125 manlium
810 2075 906 2127 tatere
917 2077 1008 2142 fertur
1019 2075 1029 2143 ΙΙ
1044 2076 1072 2126 11
1093 2076 1205 2142 illimquc

147 2155 226 2204 usquc
236 2139 395 2190 Btotscdt'cs:
407 2140 493 2207 illique
506 2148 532 2192 et
543 2142 600 2194 inde
612 2157 689 2209 usquc
703 2141 725 2192 C
734 2139 744 2209 ll
759 2143 789 2192 13
803 2144 898 2194 certari
907 2160 975 2194 unca
987 2161 1023 2194 erc
1035 2143 1100 2194 Cm.
1109 2146 1206 2212 prima,

148 2213 295 2258 certarem.
307 2207 398 2273 altera,
410 2206 512 2278 celsitu
527 2210 557 2260 15
576 2217 616 2261 cst
628 2217 655 2260 et
667 2211 691 2261 ei
707 2209 749 2261 ccl
759 2219 785 2261 et
797 2211 822 2260 ei
834 2210 856 2261 C
868 2209 878 2272 ΙΙ
901 2213 932 2263 16
950 2219 976 2263 ct
992 2227 1022 2262 ca
1038 2215 1150 2280 optimus
1170 2227 1206 2262 aa·

150 2271 176 2337 θ,
188 2289 221 2326 err
234 2289 264 2324 ca
275 2275 316 2326 cel
327 2290 357 2326 ea
368 2279 450 2328 ceteri
461 2275 482 2326 0
