2854 4678
219 339 279 402 106
583 333 610 385 C.
624 332 784 386 SALLUSTI
801 333 902 386 calari

217 491 387 554 terrenisse.
417 488 453 549 ad
468 489 525 550 hoc
536 494 668 550 metuere
677 505 716 550 ne
727 489 805 550 tlura
815 487 872 548 fide
882 505 955 548 usus
965 489 1151 568 popularium
1162 489 1277 552 animm

182 586 198 636 3
218 582 371 646 averteret,
388 574 453 652 quis
469 581 498 634 et
509 574 649 653 Iugurtha
665 591 751 636 carus
763 579 792 634 et
802 572 929 634 Romani
939 572 1024 634 invisi
1034 579 1127 636 eraut.
1149 574 1277 653 denique

218 661 333 740 saepius
352 659 487 737 fatigabas
506 658 615 720 lenitur
634 665 665 718 et
685 677 721 720 er
740 657 889 720 uoluntate
906 657 1001 718 Sabae
1017 657 1117 720 omnia
1132 675 1164 720 se
1178 659 1278 720 factu-

181 754 285 806 lrurn
306 743 461 824 promittit.
492 749 623 805 ceterum
643 742 679 804 ad
701 742 896 806 simulandam
911 761 1028 820 pacem,
1050 743 1133 804 cuius
1148 741 1276 807 Numida

218 829 350 890 defessus
369 827 445 888 bello
460 827 657 888 avidissumus
671 834 743 900 erat,
760 845 834 906 quae
847 827 930 888 utilia
945 826 1005 888 visa
1020 828 1213 890 constituunt.
1236 829 1278 888 ita
1299 839 1315 886 5

147 911 209 972 112
218 913 370 992 conposito
385 912 453 972 dolo
467 911 677 990 digrediuntur.
709 919 740 972 at
754 929 806 974 rer
819 919 939 990 postero
954 911 1001 972 die
1017 912 1160 990 Asparem
1171 912 1278 992 lugur-

216 998 285 1058 tbae
308 998 436 1076 legatum
451 996 576 1075 appellat
591 995 718 1074 dicitque
733 995 789 1056 sibi
802 1013 856 1075 per
869 995 1012 1058 Dabarem
1026 1013 1063 1058 ex
1079 996 1159 1058 Sulla
1174 997 1278 1076 cogni-

216 1089 296 1154 tum,
318 1100 405 1161 posse
425 1080 646 1142 condicionibus
665 1079 774 1140 bellum
794 1079 880 1158 poni3
902 1098 991 1158 quam
1007 1080 1045 1141 ob
1060 1099 1124 1142 rem
1138 1079 1215 1160 regis
1229 1081 1277 1142 sui

180 1176 196 1226 2
216 1167 395 1228 sententiam
415 1164 589 1243 exquireret.
620 1163 667 1226 ille
685 1163 779 1226 laetus
799 1163 830 1224 in
849 1171 943 1226 castra
963 1164 1120 1244 lugtuthae
1140 1165 1275 1244 proticis-

189 1248 191 1253 ’
216 1253 300 1312 citur.
331 1248 435 1311 deinde
451 1249 487 1310 ab
501 1249 551 1309 illo
566 1255 670 1310 cuncta
684 1249 806 1310 edoctus
820 1256 977 1328 properato
992 1249 1097 1310 itinere
1111 1257 1180 1328 post
1194 1250 1274 1311 diem
1299 1256 1332 1306 lo

217 1343 353 1397 octavum
367 1333 445 1394 redit
458 1333 495 1394 ad
509 1333 659 1395 bocchum
675 1341 705 1394 et
719 1335 745 1394 ei
759 1333 876 1394 nuntiat
890 1334 1063 1412 Iugurtham
1083 1353 1190 1413 cupere
1206 1353 1274 1396 om-

215 1420 263 1480 nia
278 1436 352 1499 quae
367 1418 584 1497 imperarentur
597 1417 702 1490 facere,
720 1419 772 1480 sed
785 1417 875 1479 llario
890 1435 993 1497 parum
1011 1419 1170 1480 confidere:
1186 1437 1275 1498 saepe

215 1511 300 1566 antea
316 1521 383 1566 curn
398 1502 624 1583 imperatoribus
639 1503 779 1574 Romanis
794 1521 897 1582 pacem
912 1509 1085 1566 conventam
1101 1503 1211 1566 frustra
1224 1503 1274 1564 fu·-

178 1598 194 1648 a
214 1589 281 1650 isse.
312 1595 443 1651 ceterum
458 1588 591 1650 Bocchus
611 1587 636 1648 si
656 1587 800 1650 ambobus
819 1587 988 1648 consultum
1007 1595 1037 1648 et
1055 1594 1150 1650 ratam
1170 1605 1273 1667 pacem

214 1673 311 1745 vellet,
334 1673 415 1734 daret
437 1690 557 1750 operam
576 1677 610 1732 ut
624 1689 683 1732 una
697 1671 734 1732 ab
749 1671 886 1732 omnibus
902 1672 985 1750 quasi
998 1671 1035 1732 de
1049 1691 1120 1751 pace
1134 1673 1166 1732 in
1181 1672 1273 1734 collo-
1296 1681 1329 1731 15

215 1759 318 1838 qtrium
340 1757 490 1820 veniretur
511 1756 610 1835 ibique
624 1755 680 1816 sibi
695 1755 807 1816 Sullam
821 1756 960 1818 traderet.
989 1775 1058 1818 curn
1072 1757 1162 1818 talem
1177 1755 1274 1818 virum

215 1843 246 1903 in
265 1849 444 1922 potestatem
465 1841 629 1913 habuisset,
651 1847 716 1902 tum
736 1841 800 1902 fore
815 1839 860 1902 uti
874 1841 956 1902 iussu
971 1848 1090 1902 senatus
1106 1849 1156 1902 aut
1171 1840 1274 1920 populi

214 1927 318 1989 foedus
339 1928 435 1998 fieret,
457 1943 553 2005 neque
573 1925 726 1986 hominem
745 1924 876 1986 nobilem
895 1943 956 1986 non
972 1944 1026 1988 sua
1041 1923 1152 2005 ignavia
1165 1926 1218 1986 sed
1233 1925 1273 1986 ob

146 2010 207 2072 11³
215 2029 281 2072 rem
300 2011 446 2091 publicam
465 2010 497 2072 in
515 2009 646 2072 hostium
665 2015 811 2088 potestate
831 2009 967 2072 relictum
986 2009 1029 2070 iri.
1063 2011 1135 2072 haec
1154 2009 1274 2072 Maurus

214 2115 315 2158 secum
335 2096 398 2174 ipse
418 2095 468 2156 diu
482 2095 600 2154 volvens
614 2095 734 2155 tandem
749 2093 901 2172 promisit,
923 2101 1055 2155 ceterum
1071 2095 1137 2156 dolo
1152 2111 1190 2154 an
1204 2113 1272 2154 vere
1293 2099 1329 2149 to

215 2187 368 2242 cunctatus
384 2197 489 2258 parum
504 2178 712 2257 comperimus.
742 2177 795 2238 sed
810 2179 985 2257 plerumque
999 2179 1094 2258 regiae
1109 2178 1274 2240 voluntates

179 2272 194 2322 2
214 2272 249 2326 ut
272 2265 461 2324 vehementes
486 2263 528 2324 sic
547 2261 686 2334 mobiles,
706 2279 792 2340 saepe
813 2262 893 2341 ipsae
912 2263 968 2322 sibi
987 2263 1135 2326 advorsae.
1170 2270 1274 2342 postca

215 2345 349 2428 tempore
370 2354 400 2407 et
419 2347 483 2408 loco
499 2346 660 2408 constituto
680 2347 712 2406 in
727 2345 906 2426 colloquium
921 2348 964 2408 uti
978 2347 1015 2408 de
1029 2367 1099 2427 pace
1114 2349 1271 2420 sennenn,

216 2433 349 2494 bocchus
370 2431 482 2493 Sullam
502 2430 592 2492 modo
611 2431 701 2494 modo
723 2430 881 2510 Iugurthae
901 2432 1030 2510 legatum
1045 2432 1203 2511 appellare,
1219 2432 1273 2494 be·

214 2519 301 2598 nigne
319 2517 442 2589 habere,
463 2516 542 2577 idem
561 2515 705 2576 ambobus
723 2515 862 2595 polliceri.
891 2516 931 2576 illi
950 2517 1060 2596 pan'ter
1080 2516 1148 2577 laeti
1161 2536 1196 2578 ac
1209 2517 1272 2596 spei
1293 2521 1327 2572 25

179 2611 195 2662 3
215 2603 308 2664 bonae
327 2602 407 2681 pleni
426 2620 499 2662 esse.
529 2601 582 2662 sed
600 2607 687 2662 nocte
708 2618 756 2672 ea,
776 2619 850 2679 quae
873 2618 1017 2679 proxuma
1037 2601 1093 2662 fuit
1113 2601 1272 2664 antediem

216 2687 361 2766 colloquio
382 2687 549 2758 decretum,
566 2684 683 2748 Maurus
699 2683 835 2746 adhibitis
850 2685 951 2746 amicis
965 2685 1114 2748 aestatim
1128 2685 1274 2748 inmutata

214 2772 362 2834 voluntate
376 2770 499 2832 remotis
514 2770 620 2832 dicitur
638 2787 740 2832 secum
754 2769 816 2848 ipse
831 2769 958 2830 multum
972 2769 1132 2849 agitavisse,
1147 2771 1229 2831 voltu
1244 2777 1274 2830 et

216 2857 306 2919 ccubs
326 2856 434 2935 pariter
449 2862 536 2935 atque
552 2854 651 2916 animo
665 2853 777 2916 varius:
798 2871 872 2933 quae
893 2853 1004 2915 scilicet
1022 2855 1063 2915 ita
1077 2861 1192 2916 tacente
1208 2854 1272 2934 ipso

180 2952 197 3002 4
217 2941 330 3003 occulta
344 2941 471 3019 pectoris
486 2939 665 3018 patefecisse.
695 2945 796 3000 umen
810 2945 961 3018 postremo
978 2939 1089 3000 Sullam
1104 2940 1213 3002 accersi
1224 2940 1271 3000 iu·
1293 2947 1328 2996 au

282 3078 297 3125 5
316 3081 373 3125 erat
385 3090 421 3139 aa,
435 3089 485 3124 orn.
495 3090 509 3124 z
527 3071 537 3142 ss
554 3073 610 3124 uisa
622 3090 660 3138 az,
672 3075 728 3124 uisa
740 3081 798 3124 sunt
810 3090 824 3123 z
837 3070 847 3142 d
860 3075 874 3123 7
894 3090 908 3124 a
921 3074 980 3125 silla
993 3075 1035 3139 (ex
1048 3092 1068 3125 s.
1082 3075 1114 3134 a)
1127 3087 1142 3120 a·
1155 3067 1165 3138 ΙΙ
1177 3071 1193 3120 9
1211 3085 1272 3135 prc-

216 3142 339 3193 ficiscitur
351 3157 387 3206 oz,
396 3142 468 3191 uenit
479 3159 493 3192 a
506 3139 516 3209 d
531 3142 559 3192 11
575 3143 673 3193 nuntiat
684 3158 722 3204 oz,
735 3141 866 3192 denuntiat
877 3157 892 3191 z
904 3139 914 3210 ΙΙ
929 3143 960 3192 14
972 3157 1058 3208 pacem
1070 3141 1158 3204 vellet]
1171 3140 1233 3188 duee
1245 3141 1273 3186 in

215 3209 262 3261 PC
270 3213 454 3260 continuentur
465 3209 516 3259 illis
528 3225 549 3260 c.
561 3207 620 3273 103,
630 3211 656 3276 2,
669 3209 741 3276 copia
753 3209 953 3261 necessariorum
966 3210 976 3276 d
995 3210 1026 3260 16
1044 3210 1159 3260 traderet
1169 3222 1206 3256 aar
1217 3213 1273 3256 tra-

215 3279 279 3329 didit
292 3280 314 3358 P
325 3277 334 3344 ΙΙ
350 3278 378 3327 17
393 3277 418 3327 in
429 3284 580 3342 potestatem
591 3277 647 3358 Pe,
659 3277 685 3327 in
701 3284 829 3358 potestate
842 3276 1014 3329 Cdeteedcres
1026 3281 1052 3327 et
1064 3295 1078 3328 a
1090 3275 1100 3346 d
1113 3281 1216 3327 senatus
1228 3280 1273 3323 aut

214 3345 633 3481 ltlhlhtflflttltalll
640 3361 749 3466 :sbti
758 3343 1105 3482 isfridifllfrsfhlfill
1114 3340 1274 3473 hilii}

213 3501 240 3531 aa
251 3483 343 3534 habere
355 3484 379 3532 P
396 3480 406 3546 f
424 3481 460 3529 Ἀ
475 3482 539 3532 idem
556 3499 577 3532 a.
596 3499 617 3532 a.
627 3497 646 3548 p
663 3477 673 3546 Ι
689 3481 811 3547 pollicere
823 3482 847 3531 P
862 3479 872 3548 ll
890 3481 923 3530 26
940 3481 1019 3531 bonae
1032 3498 1053 3532 c.
1066 3497 1087 3530 a.
1098 3497 1116 3547 p
1133 3477 1143 3546 ΙΙ
1161 3478 1193 3528 26
1211 3483 1271 3526 ante

213 3550 285 3614 diem]
298 3551 359 3600 baec
370 3549 463 3600 ultima
479 3553 540 3600 aaut
551 3552 578 3598 in
589 3551 613 3600 P
624 3549 704 3600 verba.
711 3549 773 3614 folii
783 3550 849 3600 recti
858 3548 903 3613 46,
916 3553 1002 3599 cetera
1017 3551 1044 3597 in
1056 3548 1121 3613 lolio
1134 3560 1215 3607 uerso,
1228 3545 1274 3594 caci

213 3623 287 3668 carta
298 3616 525 3682 aggarenorum,
539 3615 690 3667 &deerunt
706 3613 716 3682 d
733 3616 765 3670 28
787 3615 891 3666 remotis
909 3617 1002 3667 ceteris
1019 3615 1113 3665 dicitur
1130 3613 1161 3676 0,
1177 3611 1269 3662 ceteris

213 3699 261 3764 ogra
272 3688 352 3767 pauet
362 3683 384 3734 0
393 3682 402 3749 ΙΙ
415 3685 520 3766 multum
531 3684 571 3766 uel
577 3684 657 3734 multa
668 3683 689 3734 G
699 3681 708 3750 ΙΙ
720 3684 794 3734 uultu
806 3690 833 3733 et
845 3683 925 3734 oculis
937 3683 1033 3748 pariter
1044 3690 1120 3762 atquc
1130 3681 1212 3761 animo
1224 3693 1270 3727 ua·

213 3750 515 3880 lbftlttlt'ttlt
527 3750 1073 3881 adtactiattributati?
1083 3753 1269 3880 tamt

213 3887 311 3936 scilicet
322 3886 359 3936 ita
369 3892 470 3935 tacente
481 3883 502 3934 0
511 3885 557 3947 (ita
566 3900 616 3935 om.
628 3884 683 3947 Oh:
693 3886 810 3950 sonasse
822 3882 897 3934 facile
908 3883 984 3934 etiam
992 3891 1092 3936 tacente
1105 3882 1114 3950 ll
1127 3883 1160 3933 30
1170 3881 1269 3931 occulta

212 3953 324 4019 pectoris
336 3951 485 4018 patefecisse
502 3952 562 4014 ηδ
571 3953 604 4015 f),
625 3952 753 4002 occultare
769 3960 795 4002 et
807 3951 858 4001 oris
871 3951 1041 4002 immutatione
1058 3948 1269 4014 (immutationem

211 4037 233 4072 a.
246 4039 267 4072 a.
280 4025 308 4071 in
320 4023 385 4081 uno)
398 4018 549 4086 patefecisse
563 4019 603 4070 ael
618 4019 717 4070 occulta
728 4019 812 4085 specie
828 4019 880 4070 cris
896 4017 1046 4085 patefecisse
1064 4017 1086 4068 C
1100 4018 1110 4086 l
1127 4015 1223 4068 accersi
1240 4014 1268 4077 G,

212 4091 309 4140 arcessi
324 4089 364 4140 uel
367 4088 495 4139 accersiri
506 4087 605 4154 auguli
616 4085 638 4138 0
1107 4100 1109 4106 ·
